2078 3622
439 151 598 192 Atuatuca.

127 280 268 335 Euandrus
279 280 384 351 pariter,
396 280 494 351 pariter
506 279 620 349 Troiana
630 278 765 349 juventus.
931 282 983 332 545

127 352 190 403 Post
203 350 266 403 hinc
278 351 312 402 ad
325 350 400 402 naris
411 351 536 417 graditur,
550 350 688 417 sociosque
702 347 810 417 revisit,

128 420 247 479 Quorum
259 421 294 472 de
307 436 425 485 numero,
439 419 484 487 qui
497 436 557 471 aesc
570 420 597 471 in
609 419 681 471 bella
693 426 848 487 sequantur,

128 490 292 543 Praestantis
304 490 401 541 virtute
415 488 496 557 legit,
514 506 577 558 pars
588 497 679 540 cetera
688 504 774 565 prona

129 558 222 611 Fertur
233 576 311 627 aqua,
325 559 469 627 segnisque
482 557 600 611 secundo
613 557 707 609 defluit
718 555 802 625 amni,

130 628 231 681 Nuntia
242 637 354 679 ventura
366 628 482 680 Ascanio
495 642 637 695 rerumque
650 627 795 695 patrisque.
933 629 985 678 550

130 698 232 749 Dantur
244 698 306 764 equi
319 697 430 749 Teucris
442 696 581 765 Tyrrhena
593 696 747 764 petentibus
758 710 823 747 arra
829 710 839 763 3

129 767 236 818 Ducunt
249 776 381 819 exsortem
393 770 512 834 Aeneae,
525 782 608 833 quem
620 764 695 817 fulva
707 764 792 817 leonis

130 835 212 887 Pellis
223 834 279 887 obit
292 844 384 903 totum,
398 834 569 957 praesulqens
580 834 716 902 unguibus
727 833 824 886 aureis.

167 904 251 956 Fama
263 906 335 957 volat
347 921 458 973 parvam
470 921 501 956 su
523 904 559 957 ito
571 903 678 971 volgata
689 919 738 972 per
749 902 853 973 urbem,

130 973 211 1026 Ocius
223 974 260 1025 ire
273 975 378 1043 equites
389 972 520 1043 Tyrrheni
533 974 568 1027 ad
581 973 657 1025 litora
669 973 747 1040 regia
936 976 985 1026 555

131 1042 199 1094 Vota
211 1054 286 1095 motu
298 1043 437 1112 duplicant
449 1051 554 1111 matres,
572 1043 732 1112 propiusque
743 1041 845 1111 periclo

132 1112 155 1164 lt
168 1113 253 1182 timor,
267 1121 294 1164 et
306 1112 391 1181 major
403 1113 499 1165 Martis
509 1112 566 1181 jam
577 1121 688 1181 apparet
701 1112 801 1179 imago.

132 1182 203 1234 Turn
215 1193 291 1251 pater
303 1182 443 1235 Evandrus
455 1181 578 1235 dextram
589 1181 748 1303 complexus
759 1182 849 1235 euntis

132 1251 240 1320 Haeret,
254 1252 406 1321 inexpletus
418 1252 568 1319 lacrimans,
582 1268 615 1303 ac
628 1260 655 1303 ta
667 1252 692 1303 ia
704 1251 791 1303 fatur:

136 1322 173 1372 ‘O
185 1322 252 1373 milii
264 1322 421 1391 praeteritos
434 1320 530 1373 referat
542 1322 565 1373 si
576 1321 680 1390 Jupiter
691 1336 782 1389 annos,
935 1322 986 1373 500

133 1390 227 1448 Qualis
238 1408 320 1459 eram,
334 1407 398 1443 cum
410 1390 524 1459 primam
537 1392 622 1443 aciem
637 1391 782 1442 Praeneste
794 1386 846 1441 sub
858 1388 917 1458 ipsa

133 1460 227 1527 Strati,
241 1472 430 1527 scutorumque
443 1460 550 1512 incendi
562 1460 646 1511 vietor
656 1475 775 1526 acervos,

134 1529 169 1580 Et
182 1545 274 1595 regem
287 1528 339 1580 hac
352 1529 454 1580 Erilum
467 1529 561 1581 dextra
573 1529 624 1581 sub
635 1529 745 1581 Tartara
757 1526 828 1597 misi,

133 1598 159 1649 N
161 1598 261 1648 aseenti
274 1597 317 1649 cui
332 1598 379 1648 tris
390 1598 496 1650 animas
509 1598 620 1649 Feronia
632 1607 754 1651 mater—

133 1665 301 1718 Horrendum
314 1666 542 1735 dictu-dederat,
556 1676 631 1719 terna
642 1684 717 1721 arma
727 1664 877 1735 movenda,
935 1669 986 1720 565

134 1735 187 1786 Tor
200 1734 253 1785 leto
265 1735 424 1787 sternendus
436 1744 510 1803 erat,
528 1736 573 1788 oui
585 1744 643 1790 tum
656 1747 748 1790 tamen
760 1736 847 1789 omnis

133 1803 250 1856 Abstulit
263 1804 332 1857 haec
343 1804 448 1857 animas
460 1805 561 1875 dextra,
575 1815 602 1858 et
614 1806 724 1859 totidem
737 1804 922 1859 amitermis:

134 1875 194 1926 Non
207 1890 256 1941 ego
268 1891 339 1927 nunc
351 1874 423 1926 dulci
436 1877 564 1944 amplexu
576 1875 718 1928 divellerer
729 1891 854 1945 usquam,

134 1944 213 2012 Nate,
227 1953 287 2006 tuo,
306 1961 394 2012 neque
406 1944 518 1997 finitimo
531 1945 687 1999 Mezentius
698 1960 830 2014 umquam

134 2013 204 2066 Huic
217 2014 297 2083 capiti
311 2014 441 2066 insultans
454 2022 491 2066 tot
505 2014 574 2067 ferro
587 2032 670 2067 saeva
680 2015 801 2068 dedisset
935 2015 988 2067 570

134 2082 248 2152 Funera,
263 2094 318 2135 tam
330 2083 423 2135 multis
435 2083 572 2136 viduasset
584 2085 690 2137 civibus
701 2083 805 2137 urbem.

134 2155 171 2205 At
183 2169 238 2221 vos,
251 2169 266 2204 ο
279 2153 375 2221 superi,
389 2163 416 2204 et
428 2152 518 2205 divom
531 2163 560 2206 tu
570 2154 691 2207 maxime
704 2162 789 2206 rector

133 2222 244 2290 Jupiter,
258 2222 373 2288 Arcadii,
387 2238 495 2292 quaeso,
508 2222 674 2276 miserescite
687 2223 764 2292 regis,

134 2291 169 2343 Et
181 2291 280 2358 patrias
291 2291 382 2342 audite
395 2308 504 2359 preces:
524 2292 549 2344 Si
562 2293 671 2345 numina
682 2300 772 2345 vestra

133 2360 300 2413 Incolumem
313 2360 435 2413 Pallanta
446 2361 521 2431 mihi,
535 2362 557 2413 si
570 2360 626 2413 fata
637 2369 781 2431 reservant,
936 2365 990 2417 575

133 2429 161 2481 Si
173 2430 278 2481 visurus
290 2446 354 2482 eum
366 2430 426 2482 vivo
440 2439 466 2481 et
478 2440 607 2482 venturus
619 2430 646 2482 in
658 2447 750 2497 uuum,

133 2498 222 2551 Vitam
235 2514 296 2566 oro,
314 2499 398 2567 patior
410 2500 534 2566 quemvis
545 2500 640 2551 durare
652 2497 780 2551 laborem.

133 2568 178 2620 Sin
191 2567 311 2637 aliquem
325 2568 465 2621 infandum
478 2584 579 2636 casum,
594 2567 717 2636 Fortuna,
730 2566 850 2637 minaris,

134 2637 223 2708 Nune,
237 2655 307 2690 nuno
319 2655 334 2690 ο
347 2637 426 2690 liceat
439 2637 576 2690 crudelem
587 2636 748 2707 abrumpere
759 2637 854 2708 vitam,
931 2680 938 2691 .

132 2707 205 2760 Dum
217 2725 298 2761 curae
311 2708 463 2775 ambiguae,
476 2706 542 2759 dum
555 2722 617 2775 spes
631 2706 732 2759 incerta
744 2706 835 2777 futuri,
936 2712 989 2765 580

132 2777 204 2830 Dum
218 2790 251 2843 te,
265 2795 325 2830 care
337 2795 411 2847 puer,
426 2794 488 2829 mea
499 2775 556 2827 sola
567 2784 595 2827 et
607 2794 667 2828 sera
680 2777 810 2847 voluptas,

133 2846 280 2914 Complexo
295 2856 388 2914 teneo,
407 2845 511 2913 gravior
523 2862 577 2897 neu
590 2846 701 2899 nuntius
712 2847 785 2900 auris

132 2913 277 2966 Volneret.²
314 2916 388 2967 Haec
400 2914 502 2982 genitor
514 2914 634 2983 digressu
648 2916 720 2969 dicta
732 2934 762 2968 su
784 2932 857 2968 remo

131 2981 288 3049 Fundebat3
307 2982 401 3036 famuli
414 2984 561 3052 collapsum
576 2985 600 3037 in
617 2993 689 3037 tecta
701 2985 757 3037 fere
796 2994 833 3037 nt.

91 3098 144 3145 549.
175 3093 291 3165 ¹Secundo.
325 3096 624 3145 &salvitatis-553.
655 3096 849 3151 Aureimdisa
868 3097 987 3147 dabla.-

61 3160 115 3205 555.
146 3153 239 3223 Latera.
273 3153 635 3221 Otlrcrslreadlimina-556.
666 3156 826 3216 Propiurqaa
868 3172 890 3204 c.
914 3156 986 3223 f'l'lu

61 3215 224 3287 approachrng
235 3213 325 3311 danger
336 3214 608 3322 brqrgssquraqlqsierlgq
622 3216 708 3319 tir-equi'
717 3214 921 3323 —Pidiireildmg
932 3216 986 3267 lilii.

62 3274 238 3401 {gdliidirllli
258 3275 337 3380 lilio
357 3291 424 3377 Niite
436 3331 477 3377 the
489 3310 580 3391 gender
591 3309 744 3391 roserring'to
755 3334 823 3389 urbe,
837 3290 986 3385 wiramssii

62 3406 104 3441 vu.
116 3394 162 3440 682
183 3395 259 3441 altum
269 3350 364 3440 dallows
376 3389 417 3437 the
429 3390 521 3449 gondcr
532 3390 560 3437 ol
566 3390 707 3438 Praeneste.
991 3416 994 3423 ·
