<?xml version="1.0" encoding="UTF-8"?>
<!DOCTYPE html PUBLIC "-//W3C//DTD XHTML 1.0 Transitional//EN"
    "http://www.w3.org/TR/xhtml1/DTD/xhtml1-transitional.dtd">
<html xmlns="http://www.w3.org/1999/xhtml" xml:lang="en" lang="en">
 <head>
  <title>
</title>
<meta http-equiv="Content-Type" content="text/html;charset=utf-8" />
  <meta name='ocr-system' content='tesseract 3.04.00' />
  <meta name='ocr-capabilities' content='ocr_page ocr_carea ocr_par ocr_line ocrx_word'/>
</head>
<body>
  <div class='ocr_page' id='page_1' title='image "./carmina00virggoog_0405.png"; bbox 0 0 2078 3622; ppageno 0'>
   <div class='ocr_carea' id='block_1_1' title="bbox 449 136 975 193">
    <p class='ocr_par' dir='ltr' id='par_1_1' title="bbox 449 136 975 193">
     <span class='ocr_line' id='line_1_1' title="bbox 449 136 975 193; baseline 0.002 -1"><span class='ocrx_word' id='word_1_1' title='bbox 449 152 542 193; x_wconf 78' lang='lat' dir='ltr'>erese</span> <span class='ocrx_word' id='word_1_2' title='bbox 561 154 603 192; x_wconf 84' lang='lat' dir='ltr'>rn.</span> <span class='ocrx_word' id='word_1_3' title='bbox 919 136 975 193; x_wconf 78' lang='lat' dir='ltr'>tot</span> 
     </span>
    </p>
   </div>
   <div class='ocr_carea' id='block_1_2' title="bbox 80 278 976 3126">
    <p class='ocr_par' dir='ltr' id='par_1_2' title="bbox 80 278 976 3126">
     <span class='ocr_line' id='line_1_2' title="bbox 129 278 860 349; baseline -0.001 -16"><span class='ocrx_word' id='word_1_4' title='bbox 129 278 294 334; x_wconf 90' lang='lat' dir='ltr'>Dardanium</span> <span class='ocrx_word' id='word_1_5' title='bbox 306 282 425 349; x_wconf 81' lang='lat' dir='ltr'>Aenean,</span> <span class='ocrx_word' id='word_1_6' title='bbox 439 297 623 348; x_wconf 82' lang='lat' dir='ltr'>generumque</span> <span class='ocrx_word' id='word_1_7' title='bbox 635 279 779 333; x_wconf 87' lang='lat' dir='ltr'>adsciverit</span> <span class='ocrx_word' id='word_1_8' title='bbox 792 278 860 333; x_wconf 88' lang='lat' dir='ltr'>urbi.</span> 
     </span>
     <span class='ocr_line' id='line_1_3' title="bbox 128 349 745 417; baseline -0.002 -16"><span class='ocrx_word' id='word_1_9' title='bbox 128 349 299 403; x_wconf 85' lang='lat' dir='ltr'>Praefodiunt</span> <span class='ocrx_word' id='word_1_10' title='bbox 310 350 355 402; x_wconf 95' lang='lat' dir='ltr'>alii</span> <span class='ocrx_word' id='word_1_11' title='bbox 368 359 463 417; x_wconf 87' lang='lat' dir='ltr'>portas,</span> <span class='ocrx_word' id='word_1_12' title='bbox 476 357 521 401; x_wconf 88' lang='lat' dir='ltr'>aut</span> <span class='ocrx_word' id='word_1_13' title='bbox 533 366 599 403; x_wconf 83' lang='lat' dir='ltr'>sexa</span> <span class='ocrx_word' id='word_1_14' title='bbox 611 349 745 417; x_wconf 76' lang='lat' dir='ltr'>sudesque</span> 
     </span>
     <span class='ocr_line' id='line_1_4' title="bbox 128 417 831 487; baseline 0 -17"><span class='ocrx_word' id='word_1_15' title='bbox 128 417 300 472; x_wconf 83' lang='lat' dir='ltr'>Subreetant.</span> <span class='ocrx_word' id='word_1_16' title='bbox 337 420 410 472; x_wconf 87' lang='lat' dir='ltr'>Bello</span> <span class='ocrx_word' id='word_1_17' title='bbox 422 419 467 472; x_wconf 91' lang='lat' dir='ltr'>dat</span> <span class='ocrx_word' id='word_1_18' title='bbox 480 420 585 487; x_wconf 84' lang='lat' dir='ltr'>signum</span> <span class='ocrx_word' id='word_1_19' title='bbox 600 436 680 472; x_wconf 92' lang='lat' dir='ltr'>rauca</span> <span class='ocrx_word' id='word_1_20' title='bbox 691 427 831 471; x_wconf 90' lang='lat' dir='ltr'>cruentum</span> 
     </span>
     <span class='ocr_line' id='line_1_5' title="bbox 127 488 976 542; baseline -0.002 -2"><span class='ocrx_word' id='word_1_21' title='bbox 127 488 254 540; x_wconf 88' lang='lat' dir='ltr'>Bucoina.</span> <span class='ocrx_word' id='word_1_22' title='bbox 291 490 360 542; x_wconf 90' lang='lat' dir='ltr'>Turn</span> <span class='ocrx_word' id='word_1_23' title='bbox 374 506 465 542; x_wconf 89' lang='lat' dir='ltr'>muros</span> <span class='ocrx_word' id='word_1_24' title='bbox 477 489 550 541; x_wconf 84' lang='lat' dir='ltr'>varia</span> <span class='ocrx_word' id='word_1_25' title='bbox 560 490 668 541; x_wconf 83' lang='lat' dir='ltr'>cinxere</span> <span class='ocrx_word' id='word_1_26' title='bbox 681 504 778 540; x_wconf 90' lang='lat' dir='ltr'>corona</span> <span class='ocrx_word' id='word_1_27' title='bbox 924 490 976 541; x_wconf 75' lang='grc'>475</span> 
     </span>
     <span class='ocr_line' id='line_1_6' title="bbox 128 557 838 627; baseline -0.003 -17"><span class='ocrx_word' id='word_1_28' title='bbox 128 557 267 610; x_wconf 85' lang='lat' dir='ltr'>Matronae</span> <span class='ocrx_word' id='word_1_29' title='bbox 280 558 408 627; x_wconf 91' lang='lat' dir='ltr'>puerique</span> <span class='ocrx_word' id='word_1_30' title='bbox 416 575 423 626; x_wconf 79' lang='lat'><em>3</em></span> <span class='ocrx_word' id='word_1_31' title='bbox 444 567 521 610; x_wconf 89' lang='lat' dir='ltr'>vocat</span> <span class='ocrx_word' id='word_1_32' title='bbox 534 558 606 610; x_wconf 93' lang='lat' dir='ltr'>labor</span> <span class='ocrx_word' id='word_1_33' title='bbox 619 559 731 610; x_wconf 87' lang='lat' dir='ltr'>ultimus</span> <span class='ocrx_word' id='word_1_34' title='bbox 741 557 838 610; x_wconf 89' lang='lat' dir='ltr'>omnis.</span> 
     </span>
     <span class='ocr_line' id='line_1_7' title="bbox 127 627 893 696; baseline 0 -18"><span class='ocrx_word' id='word_1_35' title='bbox 127 627 187 679; x_wconf 93' lang='lat' dir='ltr'>Nec</span> <span class='ocrx_word' id='word_1_36' title='bbox 199 645 251 680; x_wconf 92' lang='lat' dir='ltr'>non</span> <span class='ocrx_word' id='word_1_37' title='bbox 263 628 297 681; x_wconf 86' lang='lat' dir='ltr'>ad</span> <span class='ocrx_word' id='word_1_38' title='bbox 312 628 442 696; x_wconf 88' lang='lat' dir='ltr'>ternplum</span> <span class='ocrx_word' id='word_1_39' title='bbox 455 644 629 696; x_wconf 89' lang='lat' dir='ltr'>summasque</span> <span class='ocrx_word' id='word_1_40' title='bbox 640 628 674 680; x_wconf 91' lang='lat' dir='ltr'>ad</span> <span class='ocrx_word' id='word_1_41' title='bbox 687 627 805 681; x_wconf 88' lang='lat' dir='ltr'>Palladis</span> <span class='ocrx_word' id='word_1_42' title='bbox 815 642 893 679; x_wconf 89' lang='lat' dir='ltr'>arces</span> 
     </span>
     <span class='ocr_line' id='line_1_8' title="bbox 127 695 783 764; baseline 0.002 -17"><span class='ocrx_word' id='word_1_43' title='bbox 127 695 289 749; x_wconf 85' lang='lat' dir='ltr'>Subvehitur</span> <span class='ocrx_word' id='word_1_44' title='bbox 300 714 398 764; x_wconf 83' lang='lat' dir='ltr'>magna</span> <span class='ocrx_word' id='word_1_45' title='bbox 410 705 525 749; x_wconf 87' lang='lat' dir='ltr'>matrum</span> <span class='ocrx_word' id='word_1_46' title='bbox 538 699 627 762; x_wconf 78' lang='lat' dir='ltr'>regina</span> <span class='ocrx_word' id='word_1_47' title='bbox 638 707 754 764; x_wconf 86' lang='lat' dir='ltr'>caterva,</span> <span class='ocrx_word' id='word_1_48' title='bbox 781 703 783 707; x_wconf 85' lang='lat'>&#39;</span> 
     </span>
     <span class='ocr_line' id='line_1_9' title="bbox 128 765 768 838; baseline 0.003 -22"><span class='ocrx_word' id='word_1_49' title='bbox 128 765 203 817; x_wconf 90' lang='lat' dir='ltr'>Dona</span> <span class='ocrx_word' id='word_1_50' title='bbox 214 766 310 833; x_wconf 85' lang='lat' dir='ltr'>ferens,</span> <span class='ocrx_word' id='word_1_51' title='bbox 322 766 452 836; x_wconf 86' lang='lat' dir='ltr'>juxtaque</span> <span class='ocrx_word' id='word_1_52' title='bbox 464 783 556 818; x_wconf 88' lang='lat' dir='ltr'>comes</span> <span class='ocrx_word' id='word_1_53' title='bbox 567 766 677 819; x_wconf 85' lang='lat' dir='ltr'>Lavinia</span> <span class='ocrx_word' id='word_1_54' title='bbox 688 767 768 838; x_wconf 83' lang='lat' dir='ltr'>virgo,</span> 
     </span>
     <span class='ocr_line' id='line_1_10' title="bbox 127 835 975 903; baseline 0 -17"><span class='ocrx_word' id='word_1_55' title='bbox 127 835 214 887; x_wconf 87' lang='lat' dir='ltr'>Causa</span> <span class='ocrx_word' id='word_1_56' title='bbox 226 835 292 888; x_wconf 89' lang='lat' dir='ltr'>mali</span> <span class='ocrx_word' id='word_1_57' title='bbox 304 837 377 903; x_wconf 90' lang='lat' dir='ltr'>tanti,</span> <span class='ocrx_word' id='word_1_58' title='bbox 390 835 481 888; x_wconf 89' lang='lat' dir='ltr'>oeulos</span> <span class='ocrx_word' id='word_1_59' title='bbox 494 835 600 903; x_wconf 89' lang='lat' dir='ltr'>dejecta</span> <span class='ocrx_word' id='word_1_60' title='bbox 612 835 729 888; x_wconf 87' lang='lat' dir='ltr'>decoros.</span> <span class='ocrx_word' id='word_1_61' title='bbox 924 837 975 887; x_wconf 79' lang='lat'>480</span> 
     </span>
     <span class='ocr_line' id='line_1_11' title="bbox 127 903 800 975; baseline 0 -19"><span class='ocrx_word' id='word_1_62' title='bbox 127 903 279 957; x_wconf 84' lang='lat' dir='ltr'>Succedunt</span> <span class='ocrx_word' id='word_1_63' title='bbox 291 914 397 973; x_wconf 90' lang='lat' dir='ltr'>matres,</span> <span class='ocrx_word' id='word_1_64' title='bbox 411 914 439 958; x_wconf 90' lang='lat' dir='ltr'>et</span> <span class='ocrx_word' id='word_1_65' title='bbox 452 905 583 974; x_wconf 90' lang='lat' dir='ltr'>templum</span> <span class='ocrx_word' id='word_1_66' title='bbox 596 913 654 957; x_wconf 86' lang='lat' dir='ltr'>ture</span> <span class='ocrx_word' id='word_1_67' title='bbox 666 915 800 975; x_wconf 82' lang='lat' dir='ltr'>vaporant,</span> 
     </span>
     <span class='ocr_line' id='line_1_12' title="bbox 127 973 742 1029; baseline 0.002 -3"><span class='ocrx_word' id='word_1_68' title='bbox 127 974 161 1026; x_wconf 89' lang='lat' dir='ltr'>Et</span> <span class='ocrx_word' id='word_1_69' title='bbox 173 982 290 1026; x_wconf 89' lang='lat' dir='ltr'>moestas</span> <span class='ocrx_word' id='word_1_70' title='bbox 300 974 355 1027; x_wconf 91' lang='lat' dir='ltr'>alto</span> <span class='ocrx_word' id='word_1_71' title='bbox 367 974 482 1028; x_wconf 81' lang='lat' dir='ltr'>fundunt</span> <span class='ocrx_word' id='word_1_72' title='bbox 493 975 529 1027; x_wconf 91' lang='lat' dir='ltr'>de</span> <span class='ocrx_word' id='word_1_73' title='bbox 541 973 633 1028; x_wconf 88' lang='lat' dir='ltr'>limine</span> <span class='ocrx_word' id='word_1_74' title='bbox 646 991 742 1029; x_wconf 85' lang='lat' dir='ltr'>voees:</span> 
     </span>
     <span class='ocr_line' id='line_1_13' title="bbox 128 1043 753 1113; baseline 0.002 -18"><span class='ocrx_word' id='word_1_75' title='bbox 128 1043 321 1112; x_wconf 67' lang='lat' dir='ltr'>‘Armipotens</span> <span class='ocrx_word' id='word_1_76' title='bbox 335 1061 445 1113; x_wconf 83' lang='lat' dir='ltr'>praeses</span> <span class='ocrx_word' id='word_1_77' title='bbox 458 1044 528 1112; x_wconf 86' lang='lat' dir='ltr'>belli,</span> <span class='ocrx_word' id='word_1_78' title='bbox 543 1044 660 1097; x_wconf 82' lang='lat' dir='ltr'>Tritonia</span> <span class='ocrx_word' id='word_1_79' title='bbox 671 1047 753 1113; x_wconf 84' lang='lat' dir='ltr'>virgo,</span> 
     </span>
     <span class='ocr_line' id='line_1_14' title="bbox 126 1113 848 1192; baseline 0.003 -28"><span class='ocrx_word' id='word_1_80' title='bbox 126 1113 230 1180; x_wconf 86' lang='lat' dir='ltr'>Frange</span> <span class='ocrx_word' id='word_1_81' title='bbox 244 1130 326 1166; x_wconf 90' lang='lat' dir='ltr'>manu</span> <span class='ocrx_word' id='word_1_82' title='bbox 340 1114 424 1167; x_wconf 90' lang='lat' dir='ltr'>telum</span> <span class='ocrx_word' id='word_1_83' title='bbox 436 1114 545 1192; x_wconf 80' lang='lat' dir='ltr'>Phrygii</span> <span class='ocrx_word' id='word_1_84' title='bbox 557 1113 705 1183; x_wconf 88' lang='lat' dir='ltr'>praedonis,</span> <span class='ocrx_word' id='word_1_85' title='bbox 718 1125 746 1166; x_wconf 90' lang='lat' dir='ltr'>et</span> <span class='ocrx_word' id='word_1_86' title='bbox 759 1113 848 1182; x_wconf 88' lang='lat' dir='ltr'>ipsum</span> 
     </span>
     <span class='ocr_line' id='line_1_15' title="bbox 126 1182 975 1252; baseline -0.002 -17"><span class='ocrx_word' id='word_1_87' title='bbox 126 1183 243 1235; x_wconf 88' lang='lat' dir='ltr'>Pronum</span> <span class='ocrx_word' id='word_1_88' title='bbox 254 1191 342 1235; x_wconf 91' lang='lat' dir='ltr'>sterne</span> <span class='ocrx_word' id='word_1_89' title='bbox 355 1183 419 1252; x_wconf 90' lang='lat' dir='ltr'>solo,</span> <span class='ocrx_word' id='word_1_90' title='bbox 432 1194 566 1252; x_wconf 91' lang='lat' dir='ltr'>portrsque</span> <span class='ocrx_word' id='word_1_91' title='bbox 579 1182 689 1236; x_wconf 85' lang='lat' dir='ltr'>effunde</span> <span class='ocrx_word' id='word_1_92' title='bbox 703 1183 753 1236; x_wconf 92' lang='lat' dir='ltr'>sub</span> <span class='ocrx_word' id='word_1_93' title='bbox 764 1182 844 1234; x_wconf 80' lang='lat' dir='ltr'>altis&#39;</span> <span class='ocrx_word' id='word_1_94' title='bbox 924 1184 975 1234; x_wconf 89' lang='grc'>485</span> 
     </span>
     <span class='ocr_line' id='line_1_16' title="bbox 161 1251 864 1321; baseline -0.001 -17"><span class='ocrx_word' id='word_1_95' title='bbox 161 1252 279 1320; x_wconf 83' lang='lat' dir='ltr'>Cingitur</span> <span class='ocrx_word' id='word_1_96' title='bbox 291 1252 348 1321; x_wconf 90' lang='lat' dir='ltr'>ipse</span> <span class='ocrx_word' id='word_1_97' title='bbox 360 1253 452 1306; x_wconf 83' lang='lat' dir='ltr'>furens</span> <span class='ocrx_word' id='word_1_98' title='bbox 463 1253 586 1305; x_wconf 87' lang='lat' dir='ltr'>certatim</span> <span class='ocrx_word' id='word_1_99' title='bbox 599 1252 626 1305; x_wconf 94' lang='lat' dir='ltr'>in</span> <span class='ocrx_word' id='word_1_100' title='bbox 638 1251 738 1321; x_wconf 85' lang='lat' dir='ltr'>proelia</span> <span class='ocrx_word' id='word_1_101' title='bbox 749 1251 864 1304; x_wconf 86' lang='lat' dir='ltr'>Turnus.</span> 
     </span>
     <span class='ocr_line' id='line_1_17' title="bbox 125 1320 787 1388; baseline -0.002 -15"><span class='ocrx_word' id='word_1_102' title='bbox 125 1321 239 1388; x_wconf 88' lang='lat' dir='ltr'>Jamque</span> <span class='ocrx_word' id='word_1_103' title='bbox 251 1320 318 1373; x_wconf 88' lang='lat' dir='ltr'>adeo</span> <span class='ocrx_word' id='word_1_104' title='bbox 330 1322 458 1375; x_wconf 90' lang='lat' dir='ltr'>Rutulum</span> <span class='ocrx_word' id='word_1_105' title='bbox 472 1321 580 1375; x_wconf 88' lang='lat' dir='ltr'>thoraca</span> <span class='ocrx_word' id='word_1_106' title='bbox 591 1320 701 1375; x_wconf 88' lang='lat' dir='ltr'>indutus</span> <span class='ocrx_word' id='word_1_107' title='bbox 711 1321 787 1374; x_wconf 72' lang='lat' dir='ltr'>aenis</span> 
     </span>
     <span class='ocr_line' id='line_1_18' title="bbox 125 1389 776 1460; baseline 0.002 -19"><span class='ocrx_word' id='word_1_108' title='bbox 125 1389 254 1443; x_wconf 86' lang='lat' dir='ltr'>Horrebat</span> <span class='ocrx_word' id='word_1_109' title='bbox 268 1392 393 1459; x_wconf 83' lang='lat' dir='ltr'>squamis,</span> <span class='ocrx_word' id='word_1_110' title='bbox 408 1408 537 1460; x_wconf 86' lang='lat' dir='ltr'>surasque</span> <span class='ocrx_word' id='word_1_111' title='bbox 549 1391 693 1444; x_wconf 86' lang='lat' dir='ltr'>incluserat</span> <span class='ocrx_word' id='word_1_112' title='bbox 704 1407 776 1459; x_wconf 86' lang='lat' dir='ltr'>auro,</span> 
     </span>
     <span class='ocr_line' id='line_1_19' title="bbox 125 1459 887 1529; baseline 0.001 -19"><span class='ocrx_word' id='word_1_113' title='bbox 125 1459 257 1528; x_wconf 89' lang='lat' dir='ltr'>Tempora</span> <span class='ocrx_word' id='word_1_114' title='bbox 270 1460 357 1514; x_wconf 88' lang='lat' dir='ltr'>nudes</span> <span class='ocrx_word' id='word_1_115' title='bbox 368 1459 464 1529; x_wconf 90' lang='lat' dir='ltr'>adhuc,</span> <span class='ocrx_word' id='word_1_116' title='bbox 477 1459 608 1529; x_wconf 90' lang='lat' dir='ltr'>laterique</span> <span class='ocrx_word' id='word_1_117' title='bbox 618 1459 772 1513; x_wconf 83' lang='lat' dir='ltr'>accinxerat</span> <span class='ocrx_word' id='word_1_118' title='bbox 784 1475 887 1528; x_wconf 89' lang='lat' dir='ltr'>ensem,</span> 
     </span>
     <span class='ocr_line' id='line_1_20' title="bbox 80 1527 975 1599; baseline 0 -19"><span class='ocrx_word' id='word_1_119' title='bbox 80 1551 83 1555; x_wconf 63' lang='grc'>’</span> <span class='ocrx_word' id='word_1_120' title='bbox 127 1527 313 1599; x_wconf 87' lang='lat' dir='ltr'>Fulgebatque</span> <span class='ocrx_word' id='word_1_121' title='bbox 324 1531 379 1582; x_wconf 90' lang='lat' dir='ltr'>alta</span> <span class='ocrx_word' id='word_1_122' title='bbox 391 1530 536 1583; x_wconf 88' lang='lat' dir='ltr'>decurrens</span> <span class='ocrx_word' id='word_1_123' title='bbox 546 1548 644 1584; x_wconf 89' lang='lat' dir='ltr'>aureus</span> <span class='ocrx_word' id='word_1_124' title='bbox 655 1546 725 1597; x_wconf 90' lang='lat' dir='ltr'>arce,</span> <span class='ocrx_word' id='word_1_125' title='bbox 923 1530 975 1580; x_wconf 86' lang='grc'>490</span> 
     </span>
     <span class='ocr_line' id='line_1_21' title="bbox 126 1598 862 1670; baseline 0.004 -21"><span class='ocrx_word' id='word_1_126' title='bbox 126 1598 303 1668; x_wconf 85' lang='lat' dir='ltr'>Exsultatque</span> <span class='ocrx_word' id='word_1_127' title='bbox 314 1600 420 1668; x_wconf 89' lang='lat' dir='ltr'>animis,</span> <span class='ocrx_word' id='word_1_128' title='bbox 434 1608 461 1652; x_wconf 89' lang='lat' dir='ltr'>st</span> <span class='ocrx_word' id='word_1_129' title='bbox 474 1616 522 1670; x_wconf 87' lang='lat' dir='ltr'>spe</span> <span class='ocrx_word' id='word_1_130' title='bbox 533 1599 590 1670; x_wconf 86' lang='lat' dir='ltr'>jam</span> <span class='ocrx_word' id='word_1_131' title='bbox 601 1599 730 1670; x_wconf 89' lang='lat' dir='ltr'>praecipit</span> <span class='ocrx_word' id='word_1_132' title='bbox 742 1599 862 1652; x_wconf 83' lang='lat' dir='ltr'>hostem:</span> 
     </span>
     <span class='ocr_line' id='line_1_22' title="bbox 126 1666 745 1740; baseline 0.006 -22"><span class='ocrx_word' id='word_1_133' title='bbox 126 1666 219 1724; x_wconf 83' lang='lat' dir='ltr'>Qualis</span> <span class='ocrx_word' id='word_1_134' title='bbox 230 1669 276 1722; x_wconf 90' lang='lat' dir='ltr'>ubi</span> <span class='ocrx_word' id='word_1_135' title='bbox 288 1668 407 1738; x_wconf 86' lang='lat' dir='ltr'>abruptis</span> <span class='ocrx_word' id='word_1_136' title='bbox 417 1669 488 1738; x_wconf 78' lang='lat' dir='ltr'>sugit</span> <span class='ocrx_word' id='word_1_137' title='bbox 499 1670 639 1740; x_wconf 89' lang='lat' dir='ltr'>praesepia</span> <span class='ocrx_word' id='word_1_138' title='bbox 650 1669 745 1722; x_wconf 87' lang='lat' dir='ltr'>vinclis</span> 
     </span>
     <span class='ocr_line' id='line_1_23' title="bbox 126 1736 807 1809; baseline 0.004 -21"><span class='ocrx_word' id='word_1_139' title='bbox 126 1736 249 1790; x_wconf 86' lang='lat' dir='ltr'>Tandem</span> <span class='ocrx_word' id='word_1_140' title='bbox 261 1737 329 1791; x_wconf 89' lang='lat' dir='ltr'>liber</span> <span class='ocrx_word' id='word_1_141' title='bbox 340 1754 432 1807; x_wconf 91' lang='lat' dir='ltr'>equus,</span> <span class='ocrx_word' id='word_1_142' title='bbox 445 1756 594 1808; x_wconf 86' lang='lat' dir='ltr'>campoque</span> <span class='ocrx_word' id='word_1_143' title='bbox 606 1740 705 1809; x_wconf 90' lang='lat' dir='ltr'>potitus</span> <span class='ocrx_word' id='word_1_144' title='bbox 716 1748 807 1809; x_wconf 92' lang='lat' dir='ltr'>aperto</span> 
     </span>
     <span class='ocr_line' id='line_1_24' title="bbox 126 1805 817 1878; baseline 0.004 -20"><span class='ocrx_word' id='word_1_145' title='bbox 126 1808 181 1858; x_wconf 89' lang='lat' dir='ltr'>Aut</span> <span class='ocrx_word' id='word_1_146' title='bbox 194 1805 240 1857; x_wconf 90' lang='lat' dir='ltr'>ille</span> <span class='ocrx_word' id='word_1_147' title='bbox 253 1808 278 1858; x_wconf 93' lang='lat' dir='ltr'>in</span> <span class='ocrx_word' id='word_1_148' title='bbox 292 1815 383 1874; x_wconf 87' lang='lat' dir='ltr'>pastus</span> <span class='ocrx_word' id='word_1_149' title='bbox 394 1816 568 1877; x_wconf 87' lang='lat' dir='ltr'>armentaque</span> <span class='ocrx_word' id='word_1_150' title='bbox 582 1809 666 1862; x_wconf 91' lang='lat' dir='ltr'>tendit</span> <span class='ocrx_word' id='word_1_151' title='bbox 677 1825 817 1878; x_wconf 87' lang='lat' dir='ltr'>equarum,</span> 
     </span>
     <span class='ocr_line' id='line_1_25' title="bbox 126 1875 974 1943; baseline -0.001 -15"><span class='ocrx_word' id='word_1_152' title='bbox 126 1879 181 1928; x_wconf 89' lang='lat' dir='ltr'>Aut</span> <span class='ocrx_word' id='word_1_153' title='bbox 194 1883 318 1927; x_wconf 84' lang='lat' dir='ltr'>assuetus</span> <span class='ocrx_word' id='word_1_154' title='bbox 329 1891 415 1942; x_wconf 89' lang='lat' dir='ltr'>aquae</span> <span class='ocrx_word' id='word_1_155' title='bbox 427 1875 551 1943; x_wconf 80' lang='lat' dir='ltr'>perfundi</span> <span class='ocrx_word' id='word_1_156' title='bbox 564 1877 676 1930; x_wconf 85' lang='lat' dir='ltr'>flumine</span> <span class='ocrx_word' id='word_1_157' title='bbox 687 1885 748 1930; x_wconf 92' lang='lat' dir='ltr'>noto</span> <span class='ocrx_word' id='word_1_158' title='bbox 924 1878 974 1929; x_wconf 77' lang='grc'>495</span> 
     </span>
     <span class='ocr_line' id='line_1_26' title="bbox 126 1943 744 2012; baseline 0.002 -15"><span class='ocrx_word' id='word_1_159' title='bbox 126 1943 241 2008; x_wconf 84' lang='lat' dir='ltr'>Emicat,</span> <span class='ocrx_word' id='word_1_160' title='bbox 254 1944 416 2012; x_wconf 81' lang='lat' dir='ltr'>arrectisque</span> <span class='ocrx_word' id='word_1_161' title='bbox 428 1944 517 1997; x_wconf 85' lang='lat' dir='ltr'>fremit</span> <span class='ocrx_word' id='word_1_162' title='bbox 530 1945 680 1998; x_wconf 88' lang='lat' dir='ltr'>cervicibus</span> <span class='ocrx_word' id='word_1_163' title='bbox 691 1946 744 1998; x_wconf 86' lang='lat' dir='ltr'>alte</span> 
     </span>
     <span class='ocr_line' id='line_1_27' title="bbox 126 2012 851 2084; baseline 0.001 -19"><span class='ocrx_word' id='word_1_164' title='bbox 126 2014 283 2081; x_wconf 85' lang='lat' dir='ltr'>Luxurians,</span> <span class='ocrx_word' id='word_1_165' title='bbox 296 2013 444 2081; x_wconf 89' lang='lat' dir='ltr'>luduntque</span> <span class='ocrx_word' id='word_1_166' title='bbox 455 2012 536 2082; x_wconf 83' lang='lat' dir='ltr'>jubae</span> <span class='ocrx_word' id='word_1_167' title='bbox 548 2031 595 2083; x_wconf 87' lang='lat' dir='ltr'>per</span> <span class='ocrx_word' id='word_1_168' title='bbox 606 2015 681 2084; x_wconf 89' lang='lat' dir='ltr'>eolla,</span> <span class='ocrx_word' id='word_1_169' title='bbox 695 2031 743 2084; x_wconf 91' lang='lat' dir='ltr'>per</span> <span class='ocrx_word' id='word_1_170' title='bbox 754 2031 851 2067; x_wconf 87' lang='lat' dir='ltr'>armos.</span> 
     </span>
     <span class='ocr_line' id='line_1_28' title="bbox 126 2083 808 2152; baseline 0 -16"><span class='ocrx_word' id='word_1_171' title='bbox 126 2083 212 2136; x_wconf 87' lang='lat' dir='ltr'>Obvia</span> <span class='ocrx_word' id='word_1_172' title='bbox 223 2084 275 2152; x_wconf 88' lang='lat' dir='ltr'>eui,</span> <span class='ocrx_word' id='word_1_173' title='bbox 289 2083 445 2137; x_wconf 85' lang='lat' dir='ltr'>Volscorum</span> <span class='ocrx_word' id='word_1_174' title='bbox 457 2083 516 2135; x_wconf 90' lang='lat' dir='ltr'>acie</span> <span class='ocrx_word' id='word_1_175' title='bbox 528 2084 681 2151; x_wconf 88' lang='lat' dir='ltr'>comitante,</span> <span class='ocrx_word' id='word_1_176' title='bbox 695 2083 808 2136; x_wconf 88' lang='lat' dir='ltr'>Camilla</span> 
     </span>
     <span class='ocr_line' id='line_1_29' title="bbox 126 2153 773 2223; baseline 0 -18"><span class='ocrx_word' id='word_1_177' title='bbox 126 2153 254 2223; x_wconf 87' lang='lat' dir='ltr'>Occurrit,</span> <span class='ocrx_word' id='word_1_178' title='bbox 268 2154 402 2222; x_wconf 89' lang='lat' dir='ltr'>portisque</span> <span class='ocrx_word' id='word_1_179' title='bbox 413 2153 448 2206; x_wconf 90' lang='lat' dir='ltr'>ab</span> <span class='ocrx_word' id='word_1_180' title='bbox 461 2169 530 2222; x_wconf 87' lang='lat' dir='ltr'>equo</span> <span class='ocrx_word' id='word_1_181' title='bbox 543 2155 634 2220; x_wconf 82' lang='lat' dir='ltr'>regina</span> <span class='ocrx_word' id='word_1_182' title='bbox 646 2153 696 2207; x_wconf 89' lang='lat' dir='ltr'>sub</span> <span class='ocrx_word' id='word_1_183' title='bbox 708 2153 773 2222; x_wconf 88' lang='lat' dir='ltr'>ipsis</span> 
     </span>
     <span class='ocr_line' id='line_1_30' title="bbox 127 2222 975 2292; baseline 0 -19"><span class='ocrx_word' id='word_1_184' title='bbox 127 2222 249 2292; x_wconf 87' lang='lat' dir='ltr'>Desiluit,</span> <span class='ocrx_word' id='word_1_185' title='bbox 264 2240 344 2292; x_wconf 88' lang='lat' dir='ltr'>quam</span> <span class='ocrx_word' id='word_1_186' title='bbox 358 2232 412 2275; x_wconf 88' lang='lat' dir='ltr'>tota</span> <span class='ocrx_word' id='word_1_187' title='bbox 423 2222 518 2277; x_wconf 89' lang='lat' dir='ltr'>cohors</span> <span class='ocrx_word' id='word_1_188' title='bbox 530 2223 633 2275; x_wconf 88' lang='lat' dir='ltr'>imitata</span> <span class='ocrx_word' id='word_1_189' title='bbox 645 2223 744 2276; x_wconf 87' lang='lat' dir='ltr'>relictis</span> <span class='ocrx_word' id='word_1_190' title='bbox 924 2226 975 2274; x_wconf 83' lang='grc'>500</span> 
     </span>
     <span class='ocr_line' id='line_1_31' title="bbox 126 2290 777 2362; baseline 0.002 -19"><span class='ocrx_word' id='word_1_191' title='bbox 126 2290 169 2343; x_wconf 91' lang='lat' dir='ltr'>Ad</span> <span class='ocrx_word' id='word_1_192' title='bbox 181 2300 280 2346; x_wconf 88' lang='lat' dir='ltr'>terram</span> <span class='ocrx_word' id='word_1_193' title='bbox 291 2292 403 2346; x_wconf 86' lang='lat' dir='ltr'>defluxit</span> <span class='ocrx_word' id='word_1_194' title='bbox 416 2293 499 2362; x_wconf 90' lang='lat' dir='ltr'>equis.</span> <span class='ocrx_word' id='word_1_195' title='bbox 536 2292 608 2345; x_wconf 88' lang='lat' dir='ltr'>Turn</span> <span class='ocrx_word' id='word_1_196' title='bbox 620 2292 683 2345; x_wconf 90' lang='lat' dir='ltr'>talia</span> <span class='ocrx_word' id='word_1_197' title='bbox 694 2292 777 2345; x_wconf 82' lang='lat' dir='ltr'>latur:</span> 
     </span>
     <span class='ocr_line' id='line_1_32' title="bbox 129 2361 746 2431; baseline 0.003 -19"><span class='ocrx_word' id='word_1_198' title='bbox 129 2361 241 2430; x_wconf 86' lang='lat' dir='ltr'>‘Tume,</span> <span class='ocrx_word' id='word_1_199' title='bbox 254 2363 295 2415; x_wconf 90' lang='lat' dir='ltr'>sui</span> <span class='ocrx_word' id='word_1_200' title='bbox 307 2363 403 2416; x_wconf 88' lang='lat' dir='ltr'>merito</span> <span class='ocrx_word' id='word_1_201' title='bbox 415 2363 437 2414; x_wconf 87' lang='lat' dir='ltr'>si</span> <span class='ocrx_word' id='word_1_202' title='bbox 450 2379 504 2431; x_wconf 86' lang='lat' dir='ltr'>qua</span> <span class='ocrx_word' id='word_1_203' title='bbox 516 2371 556 2415; x_wconf 80' lang='lat' dir='ltr'>est</span> <span class='ocrx_word' id='word_1_204' title='bbox 569 2361 667 2415; x_wconf 88' lang='lat' dir='ltr'>fiducia</span> <span class='ocrx_word' id='word_1_205' title='bbox 679 2362 746 2430; x_wconf 84' lang='lat' dir='ltr'>lorti,</span> 
     </span>
     <span class='ocr_line' id='line_1_33' title="bbox 126 2429 843 2502; baseline 0.003 -20"><span class='ocrx_word' id='word_1_206' title='bbox 126 2429 222 2483; x_wconf 89' lang='lat' dir='ltr'>Audeo</span> <span class='ocrx_word' id='word_1_207' title='bbox 234 2441 261 2484; x_wconf 93' lang='lat' dir='ltr'>et</span> <span class='ocrx_word' id='word_1_208' title='bbox 273 2431 433 2485; x_wconf 88' lang='lat' dir='ltr'>Aeneadum</span> <span class='ocrx_word' id='word_1_209' title='bbox 445 2433 568 2502; x_wconf 92' lang='lat' dir='ltr'>promitto</span> <span class='ocrx_word' id='word_1_210' title='bbox 579 2448 718 2485; x_wconf 86' lang='lat' dir='ltr'>occurrere</span> <span class='ocrx_word' id='word_1_211' title='bbox 731 2441 843 2502; x_wconf 90' lang='lat' dir='ltr'>turmae,</span> 
     </span>
     <span class='ocr_line' id='line_1_34' title="bbox 128 2499 771 2571; baseline 0.003 -19"><span class='ocrx_word' id='word_1_212' title='bbox 128 2499 240 2568; x_wconf 89' lang='lat' dir='ltr'>Solaque</span> <span class='ocrx_word' id='word_1_213' title='bbox 253 2501 404 2570; x_wconf 88' lang='lat' dir='ltr'>Tyrrhenos</span> <span class='ocrx_word' id='word_1_214' title='bbox 416 2502 520 2571; x_wconf 83' lang='lat' dir='ltr'>equites</span> <span class='ocrx_word' id='word_1_215' title='bbox 532 2503 570 2555; x_wconf 90' lang='lat' dir='ltr'>ire</span> <span class='ocrx_word' id='word_1_216' title='bbox 581 2503 660 2556; x_wconf 83' lang='lat' dir='ltr'>obvia</span> <span class='ocrx_word' id='word_1_217' title='bbox 671 2511 771 2555; x_wconf 86' lang='lat' dir='ltr'>contra.</span> 
     </span>
     <span class='ocr_line' id='line_1_35' title="bbox 127 2570 974 2640; baseline -0.004 -17"><span class='ocrx_word' id='word_1_218' title='bbox 127 2570 176 2623; x_wconf 89' lang='lat' dir='ltr'>Me</span> <span class='ocrx_word' id='word_1_219' title='bbox 188 2570 245 2623; x_wconf 88' lang='lat' dir='ltr'>sine</span> <span class='ocrx_word' id='word_1_220' title='bbox 258 2572 344 2640; x_wconf 88' lang='lat' dir='ltr'>prima</span> <span class='ocrx_word' id='word_1_221' title='bbox 355 2588 437 2625; x_wconf 91' lang='lat' dir='ltr'>manu</span> <span class='ocrx_word' id='word_1_222' title='bbox 450 2581 551 2625; x_wconf 87' lang='lat' dir='ltr'>tentare</span> <span class='ocrx_word' id='word_1_223' title='bbox 563 2572 681 2640; x_wconf 87' lang='lat' dir='ltr'>pericula</span> <span class='ocrx_word' id='word_1_224' title='bbox 693 2572 774 2640; x_wconf 76' lang='lat' dir='ltr'>belli,</span> <span class='ocrx_word' id='word_1_225' title='bbox 923 2572 974 2621; x_wconf 82' lang='lat'>505</span> 
     </span>
     <span class='ocr_line' id='line_1_36' title="bbox 128 2639 817 2709; baseline 0 -19"><span class='ocrx_word' id='word_1_226' title='bbox 128 2639 170 2691; x_wconf 90' lang='lat' dir='ltr'>Tu</span> <span class='ocrx_word' id='word_1_227' title='bbox 182 2639 266 2708; x_wconf 83' lang='lat' dir='ltr'>pedes</span> <span class='ocrx_word' id='word_1_228' title='bbox 278 2642 312 2693; x_wconf 93' lang='lat' dir='ltr'>ad</span> <span class='ocrx_word' id='word_1_229' title='bbox 324 2657 415 2694; x_wconf 87' lang='lat' dir='ltr'>muros</span> <span class='ocrx_word' id='word_1_230' title='bbox 426 2641 549 2709; x_wconf 84' lang='lat' dir='ltr'>subsiste,</span> <span class='ocrx_word' id='word_1_231' title='bbox 563 2649 591 2692; x_wconf 87' lang='lat' dir='ltr'>et</span> <span class='ocrx_word' id='word_1_232' title='bbox 603 2643 710 2694; x_wconf 87' lang='lat' dir='ltr'>moenia</span> <span class='ocrx_word' id='word_1_233' title='bbox 722 2640 817 2692; x_wconf 70' lang='lat' dir='ltr'>serva.²</span> 
     </span>
     <span class='ocr_line' id='line_1_37' title="bbox 127 2708 863 2778; baseline 0 -18"><span class='ocrx_word' id='word_1_234' title='bbox 127 2709 232 2761; x_wconf 89' lang='lat' dir='ltr'>Turnus</span> <span class='ocrx_word' id='word_1_235' title='bbox 243 2709 278 2762; x_wconf 90' lang='lat' dir='ltr'>ad</span> <span class='ocrx_word' id='word_1_236' title='bbox 290 2709 365 2778; x_wconf 87' lang='lat' dir='ltr'>haee,</span> <span class='ocrx_word' id='word_1_237' title='bbox 378 2709 469 2762; x_wconf 90' lang='lat' dir='ltr'>oeulos</span> <span class='ocrx_word' id='word_1_238' title='bbox 480 2709 612 2762; x_wconf 89' lang='lat' dir='ltr'>horrenda</span> <span class='ocrx_word' id='word_1_239' title='bbox 623 2710 651 2762; x_wconf 90' lang='lat' dir='ltr'>in</span> <span class='ocrx_word' id='word_1_240' title='bbox 663 2709 765 2776; x_wconf 84' lang='lat' dir='ltr'>virgine</span> <span class='ocrx_word' id='word_1_241' title='bbox 776 2708 863 2760; x_wconf 74' lang='lat' dir='ltr'>fures:</span> 
     </span>
     <span class='ocr_line' id='line_1_38' title="bbox 129 2776 778 2846; baseline -0.005 -15"><span class='ocrx_word' id='word_1_242' title='bbox 129 2779 167 2831; x_wconf 86' lang='lat' dir='ltr'>‘O</span> <span class='ocrx_word' id='word_1_243' title='bbox 179 2777 263 2831; x_wconf 89' lang='lat' dir='ltr'>decus</span> <span class='ocrx_word' id='word_1_244' title='bbox 276 2779 367 2832; x_wconf 87' lang='lat' dir='ltr'>ltaliae</span> <span class='ocrx_word' id='word_1_245' title='bbox 379 2779 460 2846; x_wconf 83' lang='lat' dir='ltr'>virgo,</span> <span class='ocrx_word' id='word_1_246' title='bbox 474 2794 541 2846; x_wconf 88' lang='lat' dir='ltr'>quas</span> <span class='ocrx_word' id='word_1_247' title='bbox 553 2776 642 2829; x_wconf 90' lang='lat' dir='ltr'>dicere</span> <span class='ocrx_word' id='word_1_248' title='bbox 653 2785 749 2845; x_wconf 84' lang='lat' dir='ltr'>grates,</span> <span class='ocrx_word' id='word_1_249' title='bbox 767 2792 778 2822; x_wconf 73' lang='grc' dir='ltr'><strong>ἰ</strong></span> 
     </span>
     <span class='ocr_line' id='line_1_39' title="bbox 128 2845 899 2918; baseline -0.003 -17"><span class='ocrx_word' id='word_1_250' title='bbox 128 2847 236 2906; x_wconf 81' lang='lat' dir='ltr'>Quaeve</span> <span class='ocrx_word' id='word_1_251' title='bbox 249 2849 346 2901; x_wconf 81' lang='lat' dir='ltr'>referre</span> <span class='ocrx_word' id='word_1_252' title='bbox 358 2847 471 2918; x_wconf 75' lang='lat' dir='ltr'>parem‘t</span> <span class='ocrx_word' id='word_1_253' title='bbox 489 2846 536 2898; x_wconf 87' lang='lat' dir='ltr'>sed</span> <span class='ocrx_word' id='word_1_254' title='bbox 549 2862 626 2915; x_wconf 91' lang='lat' dir='ltr'>nunc,</span> <span class='ocrx_word' id='word_1_255' title='bbox 640 2855 680 2898; x_wconf 89' lang='lat' dir='ltr'>est</span> <span class='ocrx_word' id='word_1_256' title='bbox 692 2845 783 2899; x_wconf 87' lang='lat' dir='ltr'>omn-ia</span> <span class='ocrx_word' id='word_1_257' title='bbox 793 2845 899 2914; x_wconf 86' lang='lat' dir='ltr'>quando</span> 
     </span>
     <span class='ocr_line' id='line_1_40' title="bbox 128 2914 976 2987; baseline -0.005 -17"><span class='ocrx_word' id='word_1_258' title='bbox 128 2917 182 2970; x_wconf 86' lang='lat' dir='ltr'>lete</span> <span class='ocrx_word' id='word_1_259' title='bbox 194 2917 299 2970; x_wconf 89' lang='lat' dir='ltr'>animus</span> <span class='ocrx_word' id='word_1_260' title='bbox 310 2934 397 2987; x_wconf 87' lang='lat' dir='ltr'>supra,</span> <span class='ocrx_word' id='word_1_261' title='bbox 411 2932 520 2969; x_wconf 90' lang='lat' dir='ltr'>mecum</span> <span class='ocrx_word' id='word_1_262' title='bbox 532 2916 630 2984; x_wconf 87' lang='lat' dir='ltr'>partire</span> <span class='ocrx_word' id='word_1_263' title='bbox 641 2914 768 2968; x_wconf 91' lang='lat' dir='ltr'>laborem.</span> <span class='ocrx_word' id='word_1_264' title='bbox 925 2917 976 2967; x_wconf 85' lang='lat'>510</span> 
     </span>
     <span class='ocr_line' id='line_1_41' title="bbox 128 2985 751 3055; baseline -0.003 -16"><span class='ocrx_word' id='word_1_265' title='bbox 128 2988 243 3055; x_wconf 88' lang='lat' dir='ltr'>Aeneas,</span> <span class='ocrx_word' id='word_1_266' title='bbox 256 2996 285 3039; x_wconf 90' lang='lat' dir='ltr'>ut</span> <span class='ocrx_word' id='word_1_267' title='bbox 298 2987 370 3039; x_wconf 86' lang='lat' dir='ltr'>sama</span> <span class='ocrx_word' id='word_1_268' title='bbox 381 2987 466 3038; x_wconf 91' lang='lat' dir='ltr'>fidem</span> <span class='ocrx_word' id='word_1_269' title='bbox 478 2985 606 3055; x_wconf 87' lang='lat' dir='ltr'>missique</span> <span class='ocrx_word' id='word_1_270' title='bbox 619 2993 751 3053; x_wconf 90' lang='lat' dir='ltr'>reportant</span> 
     </span>
     <span class='ocr_line' id='line_1_42' title="bbox 129 3054 778 3126; baseline -0.003 -17"><span class='ocrx_word' id='word_1_271' title='bbox 129 3055 322 3126; x_wconf 83' lang='lat' dir='ltr'>Exploratores,</span> <span class='ocrx_word' id='word_1_272' title='bbox 336 3055 458 3124; x_wconf 89' lang='lat' dir='ltr'>equitum</span> <span class='ocrx_word' id='word_1_273' title='bbox 471 3054 542 3106; x_wconf 84' lang='lat' dir='ltr'>levia</span> <span class='ocrx_word' id='word_1_274' title='bbox 555 3054 691 3124; x_wconf 88' lang='lat' dir='ltr'>improbus</span> <span class='ocrx_word' id='word_1_275' title='bbox 702 3070 778 3108; x_wconf 91' lang='lat' dir='ltr'>arma</span> 
     </span>
    </p>
   </div>
   <div class='ocr_carea' id='block_1_3' title="bbox 56 3122 980 3496">
    <p class='ocr_par' dir='ltr' id='par_1_3' title="bbox 56 3122 980 3496">
     <span class='ocr_line' id='line_1_43' title="bbox 128 3122 850 3195; baseline -0.001 -17"><span class='ocrx_word' id='word_1_276' title='bbox 128 3125 278 3195; x_wconf 89' lang='lat' dir='ltr'>Praemisit,</span> <span class='ocrx_word' id='word_1_277' title='bbox 291 3132 429 3194; x_wconf 90' lang='lat' dir='ltr'>quaterent</span> <span class='ocrx_word' id='word_1_278' title='bbox 442 3140 569 3194; x_wconf 71' lang='lat' dir='ltr'>campos,</span> <span class='ocrx_word' id='word_1_279' title='bbox 587 3124 645 3194; x_wconf 90' lang='lat' dir='ltr'>ipse</span> <span class='ocrx_word' id='word_1_280' title='bbox 657 3123 741 3178; x_wconf 90' lang='lat' dir='ltr'>ardua</span> <span class='ocrx_word' id='word_1_281' title='bbox 752 3122 850 3178; x_wconf 91' lang='lat' dir='ltr'>montis</span> 
     </span>
     <span class='ocr_line' id='line_1_44' title="bbox 62 3208 977 3237; baseline 0 -7"><span class='ocrx_word' id='word_1_282' title='bbox 62 3208 240 3237; x_wconf 46' lang='grc' dir='ltr'>ρ-μ.</span> <span class='ocrx_word' id='word_1_283' title='bbox 261 3225 282 3229; x_wconf 80' lang='lat'>..</span> <span class='ocrx_word' id='word_1_284' title='bbox 305 3225 309 3228; x_wconf 97' lang='lat'>.</span> <span class='ocrx_word' id='word_1_285' title='bbox 443 3217 977 3230; x_wconf 77' lang='grc'>..-..--.-.-....-.-..-..--...-.-</span> 
     </span>
     <span class='ocr_line' id='line_1_45' title="bbox 58 3263 980 3320; baseline -0.007 -4"><span class='ocrx_word' id='word_1_286' title='bbox 58 3264 91 3316; x_wconf 82' lang='lat' dir='ltr'>vi.</span> <span class='ocrx_word' id='word_1_287' title='bbox 103 3268 253 3315; x_wconf 69' lang='lat' dir='ltr'>tet-475.</span> <span class='ocrx_word' id='word_1_288' title='bbox 274 3265 374 3320; x_wconf 83' lang='lat' dir='ltr'>Corone,</span> <span class='ocrx_word' id='word_1_289' title='bbox 385 3265 393 3312; x_wconf 91' lang='lat' dir='ltr'>i</span> <span class='ocrx_word' id='word_1_290' title='bbox 412 3267 578 3314; x_wconf 79' lang='grc'><strong>.508.-478.</strong></span> <span class='ocrx_word' id='word_1_291' title='bbox 596 3265 746 3314; x_wconf 65' lang='grc' dir='ltr'>δαὸυελίιιιν.</span> <span class='ocrx_word' id='word_1_292' title='bbox 769 3263 817 3312; x_wconf 82' lang='lat' dir='ltr'>See</span> <span class='ocrx_word' id='word_1_293' title='bbox 828 3263 878 3311; x_wconf 85' lang='lat' dir='ltr'>viii.</span> <span class='ocrx_word' id='word_1_294' title='bbox 889 3265 980 3311; x_wconf 80' lang='lat'>665.-</span> 
     </span>
     <span class='ocr_line' id='line_1_46' title="bbox 56 3320 979 3388; baseline 0 -15"><span class='ocrx_word' id='word_1_295' title='bbox 56 3328 112 3374; x_wconf 76' lang='lat'>480.</span> <span class='ocrx_word' id='word_1_296' title='bbox 132 3323 216 3381; x_wconf 82' lang='lat' dir='ltr'>Tanti,</span> <span class='ocrx_word' id='word_1_297' title='bbox 238 3328 258 3371; x_wconf 80' lang='grc' dir='ltr'>-ῖ</span> <span class='ocrx_word' id='word_1_298' title='bbox 276 3323 396 3372; x_wconf 85' lang='lat' dir='ltr'>unelided.</span> <span class='ocrx_word' id='word_1_299' title='bbox 440 3327 495 3371; x_wconf 76' lang='lat'>483.</span> <span class='ocrx_word' id='word_1_300' title='bbox 516 3323 635 3383; x_wconf 77' lang='lat' dir='ltr'>Tritonia,</span> <span class='ocrx_word' id='word_1_301' title='bbox 653 3324 678 3372; x_wconf 91' lang='lat' dir='ltr'>ii.</span> <span class='ocrx_word' id='word_1_302' title='bbox 696 3325 845 3372; x_wconf 73' lang='lat' dir='ltr'>ltu-489.</span> <span class='ocrx_word' id='word_1_303' title='bbox 865 3320 979 3388; x_wconf 71' lang='lat' dir='ltr'>Tempora</span> 
     </span>
     <span class='ocr_line' id='line_1_47' title="bbox 57 3382 566 3496; baseline -0.006 -61"><span class='ocrx_word' id='word_1_304' title='bbox 57 3387 150 3441; x_wconf 71' lang='lat' dir='ltr'>medua,</span> <span class='ocrx_word' id='word_1_305' title='bbox 162 3382 355 3496; x_wconf 39' lang='lat' dir='ltr'>{qessaccusetive</span> <span class='ocrx_word' id='word_1_306' title='bbox 366 3383 394 3432; x_wconf 87' lang='lat' dir='ltr'>of</span> <span class='ocrx_word' id='word_1_307' title='bbox 402 3383 543 3495; x_wconf 53' lang='lat' dir='ltr'>lnnitation,</span> <span class='ocrx_word' id='word_1_308' title='bbox 556 3461 566 3496; x_wconf 91' lang='lat'>1</span> 
     </span>
    </p>
   </div>
   <div class='ocr_carea' id='block_1_4' title="bbox 0 0 1044 3622">
    <p class='ocr_par' dir='ltr' id='par_1_4' title="bbox 0 0 1044 3622">
     <span class='ocr_line' id='line_1_48' title="bbox 0 0 1044 3622; baseline 0 0"><span class='ocrx_word' id='word_1_309' title='bbox 0 0 1044 3622; x_wconf 95' lang='lat' dir='ltr'> </span> 
     </span>
    </p>
   </div>
  </div>
 </body>
</html>
