2078 3622
435 158 596 197 ΛΕΧΕΙῦθδ,

126 288 207 341 Posse
218 287 290 339 viam
302 285 338 339 ad
349 301 439 339 muros
450 294 477 336 et
489 284 595 336 moenia
607 283 753 337 Pallantea.

125 356 265 425 Obstupuit
279 372 374 421 magno
387 354 496 405 laudum
511 369 653 421 percussus
664 370 755 406 amore

125 426 275 494 Euryalus3
293 424 372 477 simul
384 423 426 475 his
437 424 577 475 ardentem
588 421 686 473 affatur
697 424 833 476 amicum:

127 496 226 547 ‘illene
238 494 315 559 igitur
327 494 429 544 socium
443 492 557 543 summis
568 492 713 559 adjungere
726 491 814 561 rebus,

128 565 200 631 Nise,
213 562 303 629 fugis'l
321 561 408 614 solum
421 572 447 612 te
461 562 485 612 in
498 569 572 611 tanta
584 560 703 629 pericula
714 560 841 613 mittaml
925 566 975 616 ΒΜ

126 635 187 685 Non
198 633 236 684 ita
247 648 292 683 me
303 632 413 701 genitor,
429 630 508 683 bellis
519 637 643 681 assuetus
654 629 790 698 Opheltes,

124 700 278 767 Argolicum
292 707 418 752 terrorem
430 700 499 752 inter
510 698 660 777 Troiaeque
673 698 777 751 labores

126 768 265 823 Sublatum
277 768 390 836 enidiit3
408 786 459 821 nco
471 778 563 819 tecum
574 767 639 820 talia
649 768 730 835 gessi,

125 838 331 907 Magnanimum
342 841 454 890 Aenean
466 845 494 889 et
506 836 561 889 lata
572 846 693 891 extrema
705 843 827 891 secutus:

126 909 174 961 Est
186 908 238 975 hic,
252 916 293 959 est
305 906 412 959 animus
424 907 490 959 lucis
501 915 672 975 contemptor,
686 912 714 957 et
725 906 806 959 istum
926 913 975 961 205

125 977 177 1035 Qui
190 977 243 1028 vita
256 977 325 1029 benc
337 977 428 1028 credat
440 975 502 1043 emi,
515 991 567 1042 quo
580 975 668 1028 tendis
678 974 825 1028 honorem!

126 1046 208 1099 Nisus
219 1044 253 1097 ad
266 1044 348 1097 haec:
369 1045 518 1113 ‘Equidem
529 1045 564 1097 dc
577 1053 603 1097 te
616 1044 652 1097 nil
664 1044 717 1095 tale
729 1043 853 1114 verebar,

125 1115 185 1169 Nec
197 1114 239 1167 sas
246 1130 254 1183 3
273 1131 340 1167 uon:
360 1114 398 1167 ita
409 1130 454 1165 me
467 1113 563 1166 reserat
575 1114 622 1166 tibi
634 1130 748 1181 magnus
759 1122 886 1168 orantem

126 1184 236 1253 Jupiter,
249 1192 295 1236 aut
307 1183 470 1253 quicumque
482 1182 568 1236 oculis
579 1182 647 1235 haec
658 1182 754 1261 aspicit
765 1182 870 1251 aequis.

127 1254 179 1306 Sed
192 1254 214 1305 si
225 1254 389 1322 quis-quae
401 1252 486 1305 multa
498 1252 574 1305 vides
585 1252 740 1304 discrimine
752 1250 834 1303 tali-
924 1257 975 1306 210

128 1322 154 1375 Si
166 1324 227 1392 quis
239 1323 265 1375 in
277 1322 421 1375 adversum
433 1322 515 1390 rapiat
527 1338 641 1373 casusve
652 1320 763 1389 deusve,

127 1392 168 1443 Tc
180 1408 321 1460 superesse
334 1391 430 1459 velim3
450 1401 496 1442 tua
507 1391 561 1442 vita
572 1390 675 1457 dignior
685 1397 768 1442 aetas.

128 1460 174 1528 Sit,
188 1460 234 1529 qui
246 1477 291 1511 mo
303 1470 407 1529 raptum
420 1476 510 1530 pugna
519 1461 641 1537 pretiove
654 1458 825 1528 redemptum

127 1529 241 1581 Mandat
253 1528 335 1581 humo
347 1529 432 1597 solita,
445 1536 491 1580 aut
503 1544 592 1597 siqua
604 1528 631 1581 id
644 1528 748 1580 fortuna
759 1526 869 1596 vetabit,

128 1597 241 1650 Absenti
254 1598 323 1648 scrut
335 1598 452 1666 inferias,
465 1597 627 1666 decoretque
640 1596 789 1665 sepulchro.

127 1666 189 1718 Neu
201 1666 279 1717 matri
291 1666 405 1717 miserae
417 1666 482 1718 tanti
495 1666 547 1718 sim
559 1682 642 1718 carisa
653 1666 758 1735 doloris,

128 1734 204 1791 Quae
217 1744 243 1786 te
256 1734 318 1803 sola,
332 1751 405 1803 puer,
418 1735 511 1787 multis
522 1751 538 1786 e
550 1734 682 1787 matribus
693 1751 760 1787 ausa

128 1804 306 1873 Persequitur,
319 1805 410 1871 magni
422 1820 473 1856 nec
484 1804 589 1856 moenia
601 1812 675 1857 curat
687 1804 824 1857 Acestae!

128 1872 177 1925 Ille
188 1882 295 1925 autem:
316 1874 432 1926 ‘Causas
442 1872 624 1942 nequidquam
637 1873 722 1925 uectis
734 1873 829 1945 inanis,
880 1914 884 1921 .

128 1942 154 1996 N
156 1958 188 1994 ec
199 1958 262 1995 mea
272 1941 329 2011 jam
341 1952 444 1995 mutata
456 1943 512 1994 loco
524 1942 658 1995 sententia
668 1941 749 1995 cedit.

128 2012 337 2080 Acceleremus,’
350 2012 397 2063 ait.
433 2012 534 2079 Vigiles
546 2010 626 2064 simul
638 2011 744 2063 excitat.
780 2008 823 2064 Illi

129 2080 279 2133 Succedunt
292 2092 450 2149 servantque
462 2081 536 2132 vices
543 2096 551 2148 5
570 2080 681 2132 statione
694 2079 787 2132 relicta

128 2149 189 2219 Ipse
201 2166 293 2202 comes
305 2151 329 2203 N
333 2150 370 2202 iso
381 2149 505 2218 graditur,
519 2165 666 2217 regemque
677 2149 824 2217 requirunt.

163 2219 258 2270 Cetera
269 2236 316 2287 per
329 2226 411 2271 terras
422 2220 510 2271 omnis
520 2219 646 2270 animalia
658 2232 751 2270 somno

129 2286 267 2339 Laxabant
279 2304 355 2339 curas
366 2296 394 2339 et
406 2287 485 2340 corda
496 2287 578 2340 oblita
589 2287 725 2339 laborum:

129 2356 259 2408 Ductores
270 2357 405 2408 Teucrum
416 2357 503 2425 primi,
516 2356 622 2408 delecta
632 2354 767 2425 juventus,

130 2424 276 2476 Consilium
289 2426 404 2477 summis
416 2426 489 2492 regni
502 2426 536 2477 de
548 2424 628 2477 rebus
640 2424 783 2493 habebant,

129 2491 200 2551 Quid
212 2492 337 2559 lacerent,
350 2494 446 2560 quisve
458 2495 568 2545 Aeneae
578 2492 635 2561 jam
647 2494 757 2547 nuntius
768 2502 850 2548 essct.

130 2561 204 2614 Stant
216 2561 302 2629 longis
314 2561 406 2613 adnixi
418 2560 501 2614 hastis
513 2571 538 2613 et
551 2569 628 2614 scuta
639 2570 763 2615 tenentes

130 2632 281 2684 Castrorum
293 2639 321 2682 et
333 2631 421 2699 campi
435 2631 532 2683 medio.
568 2631 639 2683 Tum
650 2631 733 2685 Nisus
744 2638 772 2685 et
783 2648 839 2685 una
927 2636 978 2687 28⁰

130 2700 263 2771 Euryalus
274 2700 415 2753 confestim
427 2700 528 2752 alacres
539 2699 676 2753 admittier
686 2708 761 2755 orant
768 2716 777 2770 3

129 2771 199 2823 Rem
211 2787 347 2837 magnam,
361 2771 528 2838 pretiumque
541 2769 708 2822 moraesore.
745 2770 852 2824 Primus
862 2768 940 2827 tutas
974 2786 978 2793 ·

130 2840 242 2908 Accepit
255 2840 379 2907 trepidos,
393 2855 426 2890 ac
439 2840 537 2891 Nisum
549 2838 639 2890 dicere
650 2837 739 2907 jussit.

130 2906 201 2957 Tum
213 2908 253 2959 sic
265 2908 439 2977 Hyrtacides:
460 2907 573 2961 ‘Audite
585 2924 602 2959 o
613 2908 749 2962 mentibus
759 2906 862 2979 aequis,

130 2975 283 3041 Aeneadae,
298 2992 366 3027 neve
379 2976 446 3028 haec
458 2976 553 3028 nostris
564 2984 718 3044 spectentur
729 2976 764 3029 ab
775 2976 861 3047 annis,
929 2980 978 3031 Μ

130 3041 205 3099 Quae
217 3041 337 3094 ferimus.
374 3045 464 3096 Rutuli
476 3061 568 3096 somno
576 3045 696 3112 ¹vinoque
708 3045 787 3097 soluti

131 3109 305 3177 Conticuere3
323 3110 412 3163 locum
425 3112 527 3164 insidiis
539 3114 727 3181 conspeximus
739 3113 797 3184 ipsi,

61 3316 392 3426 ἲῗὶωξιῖοέἓὲἰῗῖῗῇεζη,
410 3319 555 3376 Ascanium,
573 3334 600 3367 as
616 3320 710 3381 regias,
727 3320 759 3368 vi.
776 3324 915 3391 aa-aer,
926 3322 1019 3421 &pq
