2086 3622
384 174 476 214 LIBER
498 174 549 215 Vll.

40 347 44 354 .
74 305 110 359 Et
122 304 243 374 trepidae
254 312 355 357 matres
366 319 487 374 pressere
499 302 534 355 ad
547 310 655 371 pectora
667 307 749 355 natos.

74 375 145 427 Tum
158 391 220 425 vern
232 373 267 426 ad
279 390 373 427 vocem
387 373 496 440 celeres,
511 390 564 440 qua
577 371 690 424 buccina
703 371 809 440 signum

74 444 138 496 Dira
150 443 232 513 (ledit,
246 444 328 512 raptis
340 450 498 496 concurrunt
512 442 628 510 undique
642 441 702 493 telis
875 445 925 494 52⁰

74 513 199 565 indomiti
212 513 359 581 agricolae,
378 529 429 564 nec
442 529 493 563 non
506 520 533 561 et
545 512 625 563 Troia
637 511 724 579 pubes

75 583 189 634 Ascanio
202 583 332 635 auxilium
344 582 438 634 castris
450 580 563 633 effundit
574 580 681 649 apertis

73 652 202 704 Direxere
214 654 297 704 acies.
334 653 392 704 Non
406 650 462 719 jam
475 651 621 702 certamine
633 649 739 719 agresti,

75 720 112 773 Sti
134 721 212 773 itibus
224 722 297 774 (luris
309 722 396 788 agitur
409 719 554 771 sudibusve
568 720 703 789 praeustis,

75 740 131 842 Seri
142 790 209 841 lerro
222 791 330 859 ancipiti
343 789 498 854 decernunt,
511 798 620 857 atraque
633 787 686 840 late
877 791 927 840 525

75 859 211 910 Horrescit
224 860 321 911 strictis
333 875 412 927 seges
425 858 542 926 ensibus,
556 874 672 925 aeraque
685 856 789 925 fulgent

76 928 137 981 Sole
149 928 280 996 lacessita,
294 937 320 980 et
333 927 423 980 lucem
436 928 486 981 sub
498 927 591 980 nubila
602 927 717 996 jactant:

76 996 188 1049 Fluctus
199 998 237 1048 uti
251 999 335 1066 primo
348 999 435 1066 coepit
448 1015 509 1051 cum
522 997 660 1050 albescere
673 1004 759 1066 vento,

77 1066 209 1118 Paulatim
224 1084 283 1119 sese
297 1067 363 1120 tollit
376 1085 449 1119 mare
462 1078 489 1119 et
501 1068 582 1119 altius
594 1065 680 1119 undas

79 1135 172 1202 Erigit,
186 1136 248 1187 inde
261 1137 314 1189 imo
326 1138 460 1205 consurgit
472 1137 506 1188 ad
518 1137 628 1188 aethera
640 1135 732 1187 fundo.
878 1136 929 1185 530

78 1204 130 1254 Hic
141 1204 247 1272 juvenis
259 1207 374 1274 primam
386 1216 448 1258 ante
461 1207 548 1257 aciem
562 1205 690 1256 stridente
703 1203 806 1271 sagitta,

79 1274 209 1325 Natorum
223 1274 335 1342 Tyrrhei
347 1276 432 1328 luerat
445 1275 491 1344 qui
504 1275 646 1341 maximus,
659 1273 739 1325 Almo

79 1342 224 1411 Sternitur,
242 1344 328 1396 haesit
341 1347 412 1396 euim
426 1345 475 1397 sub
487 1353 594 1411 gutture
606 1342 704 1394 vulnus
716 1349 742 1393 et
754 1339 825 1393 udae

79 1411 159 1463 Vocis
172 1413 220 1464 iter
233 1422 396 1481 tenuemque
409 1413 514 1465 inclusit
528 1412 655 1480 sanguine
669 1415 762 1463 vitam.

80 1481 194 1550 Corpora
207 1482 293 1535 multa
306 1484 391 1535 virum
405 1484 482 1552 circa,
497 1483 638 1550 seniorque
651 1480 790 1550 Galaesus,
879 1482 930 1531 535

80 1551 151 1603 Dum
164 1553 224 1620 paci
236 1552 357 1605 medium
371 1553 497 1619 saulieu,
510 1552 675 1620 justissimus
688 1567 756 1603 unus

79 1621 131 1678 Qui
143 1621 201 1690 luit,
215 1623 394 1690 Ausoniisque
407 1623 470 1674 olim
483 1622 631 1676 ditissimus
642 1620 729 1674 artis:

81 1689 205 1759 Quinque
217 1709 313 1760 greges
325 1692 361 1744 illi
374 1691 521 1760 balantum,
533 1693 615 1761 quina
627 1689 748 1744 redibant
816 1700 821 1709 '

79 1761 216 1830 Armenta,
230 1769 256 1814 et
269 1771 366 1814 terram
379 1771 489 1815 centum
501 1761 622 1815 vertebat
633 1759 734 1813 aratris.

114 1836 202 1897 Atque
215 1847 248 1882 ea
259 1848 307 1900 per
318 1848 428 1900 campos
439 1848 525 1899 aequo
538 1831 604 1883 dum
616 1831 705 1882 Marte
717 1834 853 1897 geruntur,
878 1828 931 1878 540

79 1897 204 1951 Promissi
216 1898 268 1951 dea
280 1901 350 1953 lacta
362 1908 463 1968 potens,
478 1901 523 1954 ubi
536 1899 664 1967 sanguine
677 1897 780 1950 bellum
870 1924 873 1930 ·

80 1967 179 2020 Imbuit
192 1977 218 2019 et
231 1969 334 2037 primae
347 1969 481 2021 commisit
494 1971 588 2021 lunera
599 1984 713 2036 pugnae,

79 2035 184 2088 Deserit
197 2037 361 2106 Hesperiam,
375 2048 403 2090 et
414 2039 482 2090 coeli
495 2054 623 2090 conversa
636 2053 682 2106 per
694 2050 774 2088 auras

79 2106 210 2158 lunonem
224 2107 321 2159 victrix
332 2107 430 2159 affatur
442 2123 508 2159 voce
521 2107 651 2176 superba:

82 2175 145 2243 ‘Eu,
159 2175 278 2243 perlecta
291 2176 338 2229 tibi
352 2176 421 2230 bello
433 2175 564 2229 discordia
577 2175 659 2243 tristi,
879 2176 930 2226 545

80 2244 138 2313 Dic,
153 2244 177 2296 in
190 2244 337 2298 amicitiam
350 2251 444 2298 coeant
456 2255 483 2298 et
496 2245 606 2298 foedera
615 2243 735 2314 jungant.

80 2311 304 2383 Quandoquidem
314 2315 434 2369 Ausonio
446 2315 558 2384 respersi
571 2315 700 2382 sauguine
711 2312 838 2384 Teucros,

80 2383 137 2434 Hoc
149 2383 231 2436 etiam
244 2383 287 2437 his
298 2385 404 2455 addam,
417 2393 464 2438 tua
476 2385 499 2438 si
511 2385 577 2438 mihi
591 2393 663 2437 certa
674 2381 813 2436 voluntas:

81 2451 223 2506 Finitimas
235 2453 260 2507 in
274 2453 345 2507 bella
357 2454 442 2509 feram
455 2454 604 2508 rumoribus
616 2453 704 2522 urbes,

80 2521 292 2593 Accendamque
304 2525 408 2578 animos
420 2525 507 2578 insani
518 2524 616 2576 Martis
627 2539 726 2591 amore,
879 2523 931 2573 550

80 2590 205 2660 Undique
218 2602 246 2645 ut
258 2593 357 2647 auxilio
369 2595 494 2663 veniant;
512 2610 636 2662 spargam
648 2608 723 2645 arma
735 2606 783 2661 per
793 2606 879 2658 agros.

30 2711 36 2721 ,
81 2660 153 2713 Turn
165 2671 255 2714 contra
266 2664 351 2716 Juno:
372 2664 528 2716 ‘Terrorum
541 2672 568 2715 et
580 2661 682 2714 fraudis
693 2659 802 2714 abunde
814 2666 872 2711 est:

82 2728 156 2781 Stant
168 2728 233 2783 belli
246 2748 359 2799 causae;
396 2741 509 2800 ugnatur
521 2731 673 2782 comminus
684 2730 784 2796 armis3

81 2796 157 2855 Quae
170 2799 223 2850 fors
235 2801 321 2868 prima
332 2750 414 2870 derlit,
428 2801 537 2866 sanguis
548 2815 633 2850 novus
646 2797 742 2851 imbuit
754 2812 830 2850 arma

83 2864 160 2919 Talia
172 2867 294 2937 conjugia
306 2878 333 2921 et
345 2869 406 2922 talis
418 2869 554 2937 celebrent
567 2866 732 2936 hymenaeos
881 2870 931 2920 555

82 2936 227 3006 Egregium
241 2939 353 2991 Veneris
364 2956 450 3007 genus
462 2946 489 2990 et
502 2955 548 2990 rex
562 2937 618 3006 ipse
630 2935 749 2989 Latinus.

29 3060 94 3128 520.
104 3055 181 3126 Dira.
213 3056 260 3105 See
272 3066 296 3103 at
307 3057 458 3103 toa-524.
475 3053 652 3123 Protesila-
661 3057 714 3122 525.
731 3052 806 3102 Ferro
821 3063 930 3117 accepite,

21 3118 255 3187 aperiamus-533.
272 3115 346 3170 Udoe,
357 3115 404 3182 &c
424 3114 478 3161 The
488 3113 546 3160 road
554 3113 582 3160 os
589 3114 627 3160 hrs
633 3128 701 3183 vorce
708 3119 772 3184 (now
779 3113 858 3166 made)
866 3122 931 3170 νοις

21 3171 932 3303 arrianarisenutrumnar-arranem

21 3292 264 3363 tavingsqlfilledher
288 3291 671 3366 Ιῐοῐιιιεεθπιιιᾱιθῐο.Ῑιιηο.,--545.
691 3290 750 3337 Tala.
774 3290 829 3336 The
853 3300 933 3358 atreus

21 3348 931 3470 usuraria„ata-uastaab{trrasceau
