2086 3622
58 150 120 204 408

70 3162 115 3186 nh.)

74 3182 80 3205 Ι
90 3186 123 3205 Ν.

441 150 601 193 nunninus.

129 282 190 339 Qua
202 279 298 333 vulnus
310 278 390 333 letale
401 278 470 331 ferat
477 296 485 347 ;
502 288 595 332 contra
606 277 652 331 ille
664 294 827 349 repugnans

130 351 248 404 Sustinet
259 367 276 401 a
287 349 378 419 jugulo
390 349 521 418 dextram,
535 357 563 401 et
575 348 630 401 vim
641 348 745 401 viribus
755 350 829 403 exit.
951 354 998 407 75(

132 421 221 489 thue
234 420 327 472 volans
337 418 392 470 alto
404 428 510 485 raptum
522 434 586 471 cum
600 417 674 469 lulra
686 417 842 473 draconem

132 491 194 542 Fert
206 489 303 559 aquila,
318 488 503 556 implicuitque
516 487 608 556 pedes,
621 495 704 555 atque
716 490 862 556 unguibus
875 490 980 545 bassin

132 560 244 611 Saucius
254 566 281 610 at
293 574 404 625 serpens
416 558 523 609 sinuosa
535 556 672 609 volumina
683 565 784 628 versat,

132 628 304 695 Arrectisque
316 626 405 678 horret
418 627 540 693 squamis
550 634 578 677 et
590 625 681 678 sibilat
692 642 748 694 ore,

132 696 239 751 Arduus
251 697 405 764 insurgens3
424 696 469 747 illa
479 694 552 748 haud
564 695 654 747 minus
664 702 761 763 urguet
773 695 887 751 obunco
946 700 994 751 'lob

132 768 292 819 Luctantem
305 774 401 833 rostro;
420 764 500 817 simul
512 764 624 817 aethera
636 763 759 817 verberat
770 764 841 817 alis:

133 834 211 887 Haud
222 834 300 887 aliter
311 834 439 903 praedam
452 834 595 886 Tiburtum
607 850 642 885 ex
652 834 762 901 agmine
774 834 907 889 Tarchon

133 905 221 957 Portat
233 920 324 956 orans.
361 904 445 956 Ducis
456 904 613 973 exemplum
625 911 813 972 eventumque
825 906 919 959 secuti

134 971 296 1026 Maeonidae
309 974 453 1025 incurrunt.
489 974 562 1025 Tum
573 972 636 1025 fatis
648 972 758 1024 debitus
769 976 881 1029 Arruns

134 1043 262 1095 Velocem
274 1042 363 1111 jaculo
376 1051 402 1093 et
414 1041 501 1094 multa
512 1043 582 1111 prior
592 1050 650 1093 arte
662 1041 809 1095 Camillam
945 1046 993 1097 760

134 1112 241 1181 Circuit,
255 1123 290 1181 et,
303 1128 374 1181 quae
387 1113 421 1164 sit
433 1111 538 1164 fortuna
550 1110 688 1171 facillima,
701 1118 798 1163 tentat.

134 1182 194 1241 Qua
206 1198 236 1234 se
248 1198 366 1251 cumque
378 1181 470 1234 furens
480 1181 570 1233 medio
583 1180 642 1233 tulit
655 1179 765 1247 agmine
779 1181 867 1253 virgo,

136 1252 193 1303 Hac
206 1253 307 1304 Arruns
318 1251 398 1319 subit,
411 1258 440 1302 et
451 1251 549 1303 tacitus
561 1250 675 1317 uestigia
686 1249 798 1319 lustrat;

136 1321 195 1378 Qua
208 1322 303 1374 victrix
315 1322 383 1373 redit
395 1320 441 1371 illa
452 1320 604 1389 pedemque
617 1336 651 1371 ex
663 1318 739 1371 hoste
753 1328 883 1393 reportat,

136 1391 194 1442 Hac
205 1390 311 1460 juvenis
322 1390 416 1443 furtim
427 1389 525 1442 coleris
536 1390 676 1457 detorquet
688 1388 823 1443 habenas.
946 1394 994 1445 765

137 1460 192 1511 Hos
204 1460 301 1525 aditus,
313 1460 424 1529 jamque
438 1458 487 1511 hos
497 1459 595 1527 aditos,
607 1474 772 1527 omnemque
786 1468 911 1529 pererrat

137 1528 262 1598 Undique
274 1529 425 1596 circuitum,
439 1538 465 1579 et
477 1538 579 1581 certam
592 1527 678 1595 quatit
690 1528 832 1597 improbus
842 1528 962 1585 Momm.

137 1598 215 1650 Forte
228 1615 303 1649 sacer
315 1597 434 1667 Cybelae
447 1598 575 1650 Chloreus
586 1598 702 1665 olimque
714 1598 845 1653 sacerdos

137 1668 251 1734 Insignis
263 1668 340 1734 longe
354 1668 477 1735 Phrygiis
489 1666 610 1735 fulgebat
622 1666 751 1736 inarmis,

137 1736 366 1805 Spumantemque
379 1736 497 1803 agitabat
510 1753 618 1805 equum,
631 1752 713 1805 quern
725 1736 811 1805 pellis
821 1738 904 1791 scriis
947 1742 997 1793 770

138 1807 168 1858 ln
181 1805 300 1874 plumam
314 1807 434 1875 squamis
444 1822 508 1858 auro
520 1814 643 1858 conserta
653 1804 772 1873 tegebat.

139 1877 207 1943 lpse,
240 1876 362 1943 eregrina
373 1874 507 1943 ferrugine
519 1875 607 1928 clame
618 1884 646 1927 et
657 1884 736 1945 ostro,

138 1893 245 2015 Spiculb
257 1946 398 2069 torquebat
410 1946 491 2015 Lycio
504 1945 632 2014 Gortynia
642 1960 724 1997 corun
730 1960 741 2015 5

138 2018 291 2068 Aurenses
324 2032 415 2068 umero
427 2023 502 2067 sonat
514 2030 600 2081 arcos,
614 2024 641 2067 et
652 2030 735 2067 aures
748 2014 804 2067 vati

139 2085 249 2137 Casside
258 2102 266 2153 3
279 2094 338 2137 turn
349 2101 471 2137 croceam
483 2084 712 2153 chlamydemque
723 2083 857 2155 sinusque
868 2102 930 2140 ore-

245 2155 297 2207 ntis
948 2158 999 2209 m

139 2172 286 2276 Carbaldeos
297 2223 370 2275 fulvo
383 2222 410 2275 iu
423 2222 523 2275 nodum
535 2222 765 2291 colleganum,

140 2294 230 2345 Pictus
242 2310 292 2345 aen
306 2292 410 2345 tunicas
421 2302 449 2344 et
461 2292 573 2345 barbara
585 2293 704 2360 tegmina
715 2308 838 2346 crurum.

142 2363 219 2413 Hunc
232 2364 313 2430 virgo,
327 2362 385 2413 sive
397 2371 426 2414 ut
438 2362 547 2430 templis
558 2362 717 2431 praefigeret
727 2356 808 2415 srms'.
827 2390 832 2395 ·

140 2433 227 2499 Troia,
241 2433 347 2500 captivo
360 2431 417 2483 sive
429 2440 458 2483 ut
469 2448 500 2483 se
513 2432 592 2484 ferret
604 2431 631 2483 in
642 2448 714 2499 suro,

139 2500 267 2552 venatrix
278 2517 361 2551 unum
374 2516 409 2552 ex
420 2501 492 2551 omni
505 2501 652 2553 certamine
664 2516 773 2569 pugnas
946 2505 997 2555 780

140 2570 228 2621 Caeca
240 2568 410 2637 sequebatur,
425 2576 562 2638 totumque
575 2570 681 2623 incauta
692 2586 741 2639 per
752 2586 858 2637 anen
876 2585 879 2591 ·

140 2639 268 2691 Femineo
281 2638 396 2707 praedae
409 2647 436 2690 et
448 2637 595 2707 spoliorum
607 2639 719 2692 ardebat
731 2654 845 2695 amors:

139 2710 238 2761 'l'elnm
251 2727 285 2761 ex
298 2708 401 2761 insidiis
412 2725 475 2761 cum
487 2708 597 2761 tandem
609 2715 731 2777 tempore
742 2715 824 2777 copto

140 2780 267 2847 Concirat7
282 2788 308 2831 et
321 2795 431 2847 superos
443 2781 545 2831 Arruns
556 2777 596 2830 sic
608 2794 674 2830 voce
685 2786 828 2847 precatur:

141 2850 267 2899 ‘Summe
280 2848 371 2913 deum,
386 2848 471 2900 sancti
484 2856 573 2899 custos
585 2846 701 2899 Soractis
711 2846 818 2917 Apollo,
947 2849 996 2903 m

139 2918 228 2975 Quem
240 2918 318 2986 primi
331 2917 453 2986 colimus,
466 2917 510 2969 cui
524 2917 621 2985 pineus
631 2914 710 2969 ardor
720 2932 821 2969 acervo

140 2987 267 3052 Pascitur,
280 2996 307 3037 et
320 2986 442 3039 medinm
453 2986 514 3038 freti
526 2985 626 3055 pietate
638 2985 789 3055 perignem

70 3074 324 3145 orribilis-asu.
341 3077 494 3151 ulamau,
507 3096 557 3143 vrri.
568 3096 722 3143 raes—res.
741 3092 926 3157 cyrenaea
942 3100 997 3147 r.-·
1014 3128 1017 3133 -

141 3156 392 3209 Ferrunineetostro.
421 3155 506 3216 Georg.
519 3154 543 3202 ii.
554 3156 706 3203 tae—773.
722 3151 806 3215 Lysis.
831 3153 885 3207 So
912 3153 921 3169 ⁸
943 3155 996 3214 fll‘.

72 3218 201 3269 Gerrunio,
215 3208 316 3265 Cretan.
329 3214 390 3261 from
402 3230 416 3260 n
426 3224 493 3261 town
508 3212 590 3262 lamed
605 3212 643 3261 for
658 3212 690 3260 its
706 3213 778 3261 bows
792 3212 998 3272 sudum·-

70 3280 123 3323 755.

141 3275 256 3321 Soractis.
288 3274 335 3320 Sec
347 3289 369 3332 p.
382 3275 435 3327 292,
450 3271 497 3319 line
508 3276 546 3319 33.
577 3271 608 3319 In
618 3272 713 3320 honour
722 3270 752 3319 os
758 3271 866 3331 Apollo,
877 3271 1001 3343 n*

71 3334 117 3449 ffil
124 3332 260 3437 siddim
273 3333 382 3388 Soracte,
396 3331 434 3379 his
445 3330 609 3391 worshippcrs
619 3328 716 3381 welksd
728 3328 815 3379 ossrlr
839 3345 879 3395 ιμ
887 3330 1001 3430 ἀμ..
