2078 3622
441 166 599 207 autumnos.

127 295 243 365 Vitaque
255 313 317 348 cum
329 295 433 363 gemitu
445 295 513 362 sugit
525 295 660 362 indignata
672 295 723 347 sub
735 295 853 348 umbras.

128 365 199 419 Tum
212 382 273 418 vero
285 366 434 417 immensus
446 381 557 431 surgens
569 364 627 415 serit
640 380 721 415 aurea
733 364 833 417 clamor

128 434 220 487 Sidera
227 451 235 503 ;
253 434 358 555 depecta
370 433 504 485 crudescit
516 450 605 502 pugna
617 433 745 501 Camilla,

128 505 267 558 Incurrunt
300 503 357 555 ensi
370 503 449 555 simul
462 504 549 555 omnis
561 502 638 571 copia
650 504 785 556 Teucrum

128 573 313 643 Tyrrhenique
326 571 410 623 duces
422 572 590 640 Evandrique
603 571 723 624 Arcades
734 572 802 624 alae.
927 576 978 626 835

163 645 198 696 At
211 643 316 694 Triviae
329 650 418 709 eustos
428 641 588 710 jamdudum
601 642 627 693 in
640 640 776 693 montibus
787 641 851 710 Opis

129 713 191 764 Alta
203 711 279 763 sedet
291 711 412 777 summis,
426 721 583 788 spectatque
597 710 715 762 interrita
726 727 831 780 pugnas

132 782 219 849 thue
231 779 323 848 procul
336 779 425 832 medio
437 797 568 849 Juvenum
581 781 607 832 in
619 779 735 832 elamore
748 779 884 833 furentum

130 850 266 917 Prospexit
280 850 345 901 tristi
358 848 498 902 multatam
511 858 596 901 morte
609 849 758 917 Camillam,

130 919 316 987 lugernuitque
328 919 456 986 deditque
470 920 519 969 has
530 919 583 971 imo
597 929 703 987 pectore
716 934 810 971 voces:
926 922 978 973 840

132 988 205 1039 ‘Heu
218 988 339 1055 nimium,
352 988 433 1055 virgo,
447 988 559 1040 nimium
572 986 680 1039 crudele
695 987 766 1039 luisti

129 1056 301 1125 Supplicium,
315 1058 433 1109 Teucros
445 1066 539 1109 conata
551 1057 682 1108 lacessere
694 1055 781 1109 hello!

128 1126 187 1178 Nee
201 1126 247 1179 tibi
259 1126 381 1178 desertae
394 1126 419 1178 in
432 1125 522 1178 dumis
534 1125 648 1179 coluisse
662 1127 773 1179 Dianam

130 1195 238 1264 Profuit,
252 1204 298 1247 aut
310 1204 412 1248 nostras
424 1194 536 1248 humero
547 1196 664 1263 gessisse
677 1196 796 1263 sagittas.

130 1265 189 1317 Nou
202 1274 291 1318 tamen
305 1265 458 1318 indecorem
471 1273 554 1317 tuate
568 1266 657 1332 regina
669 1266 775 1335 reliquit
928 1267 978 1316 845

130 1334 259 1386 Extrema
269 1335 325 1403 jam
338 1336 365 1387 in
378 1343 478 1401 morte;
497 1352 583 1404 neque
596 1334 646 1387 hoc
660 1335 717 1387 sine
730 1334 837 1387 nomme
848 1334 936 1388 letum

130 1404 181 1456 Per
192 1405 280 1471 gentis
292 1405 349 1472 erit,
362 1412 408 1456 aut
421 1404 522 1457 samam
536 1406 643 1473 patieris
654 1404 764 1456 inultae.

129 1472 201 1524 Nam
213 1474 377 1542 quicumque
389 1487 462 1525 tuum
477 1474 584 1525 violavit
597 1474 706 1526 vulnere
719 1490 763 1524 eor
783 1490 822 1541 us,

129 1541 217 1593 Morte
230 1541 285 1594 luet
297 1543 412 1594 merita'
449 1542 509 1594 Fuit
521 1544 615 1609 iugens
626 1550 717 1594 monte
730 1490 781 1595 suh
791 1542 845 1595 alto

129 1611 209 1677 Regis
222 1610 351 1663 Dercenni
366 1622 468 1662 terreno
481 1629 515 1664 ex
526 1628 623 1679 aggere
636 1611 744 1664 bustum
927 1612 977 1663 85⁰

130 1679 239 1746 Antiqui
252 1679 398 1747 Laurentis,
412 1696 547 1747 opacaque
561 1680 622 1731 ilice
635 1689 752 1747 tectum,

130 1747 180 1798 Hic
191 1747 243 1799 dea
255 1765 285 1799 se
297 1749 413 1815 primum
426 1748 515 1817 rapido
528 1748 707 1817 pulcherrima
720 1750 779 1801 nisu

131 1817 211 1883 Sistit,
226 1825 252 1868 et
264 1823 408 1869 Arruntem
422 1819 523 1870 tumulo
536 1818 689 1888 speculatur
700 1818 735 1871 ab
747 1817 808 1871 alto.

128 1886 164 1939 Ut
177 1885 249 1937 videt
263 1886 406 1939 laetantem
419 1888 515 1939 animis
526 1904 559 1939 ae
572 1904 642 1939 vana
655 1897 819 1940 tumentem:

131 1956 214 2023 ‘Cur,'
227 1956 319 2024 inquit,
335 1956 472 2009 ‘diversus
483 1957 561 2010 abiel
580 1957 634 2009 huo
645 1956 731 2024 dirige
743 1972 876 2026 gressum,
927 1959 976 2008 855

128 2025 195 2093 Huc,
209 2025 332 2093 periture,
347 2026 415 2093 veni,
428 2026 519 2094 capias
530 2035 559 2078 ut
571 2026 652 2093 digua
664 2026 793 2078 Camillae

129 2093 261 2146 Praemia.
297 2095 374 2146 Tune
387 2095 467 2146 etiam
481 2095 541 2147 telis
553 2096 665 2147 moriere
678 2096 779 2148 Dianae
787 2094 808 2147 Ψ

128 2163 207 2231 Dixit,
222 2176 248 2214 et
260 2172 352 2215 aurata
364 2163 498 2216 volucrem
512 2164 639 2216 Threissa
650 2165 775 2232 sagittam
824 2202 827 2207 -

128 2230 297 2300 Deprompsit
309 2232 440 2303 pharetra,
454 2250 588 2301 cornuque
601 2233 705 2285 infensa
718 2232 830 2285 tetendit

129 2300 164 2352 Et
176 2301 252 2353 duxit
265 2300 350 2369 longe,
364 2301 450 2353 donec
462 2312 571 2354 curuata
584 2309 684 2355 coirent
925 2306 977 2354 860

130 2370 201 2421 Inter
212 2388 241 2422 se
254 2372 349 2438 capita,
363 2378 390 2422 ct
402 2371 527 2423 manibus
537 2371 591 2439 jam
606 2379 724 2438 tangeret
735 2370 836 2439 aequis,

129 2437 218 2489 Laeva
230 2440 318 2490 aciem
331 2439 400 2507 ferri,
414 2440 507 2491 dextra
520 2457 652 2508 nervoque
665 2439 801 2508 papillam.

131 2506 272 2575 Extemplo
287 2507 331 2559 teli
344 2507 481 2560 stridorem
494 2525 625 2577 aurasque
638 2512 757 2561 sonantis

130 2575 220 2627 Audiit
234 2592 286 2627 uita
298 2579 406 2645 Arruns,
420 2576 560 2645 haesitque
573 2578 599 2629 in
611 2594 720 2647 corpore
732 2577 843 2631 ferrum.

129 2644 207 2696 llluru
221 2645 400 2713 exspirantem
414 2646 478 2697 socii
490 2654 570 2715 atque
583 2657 703 2700 extrema
714 2654 871 2715 gementem
924 2648 975 2699 885

129 2713 208 2766 Obliti
221 2715 308 2780 ignoto
320 2732 475 2784 camporum
488 2716 514 2767 in
527 2716 636 2785 pulvere
649 2716 771 2785 linquunt
778 2724 792 2783 ς’

129 2783 193 2851 Opis
204 2784 237 2835 ad
251 2784 401 2837 aetherium
413 2786 508 2853 pennis
519 2784 636 2838 aufertur
647 2786 800 2855 Olympum.

164 2852 253 2903 Prima
266 2853 340 2922 fugit,
354 2854 462 2906 domina
473 2855 580 2922 amissa,
593 2855 661 2908 levis
672 2854 715 2907 ala
727 2852 872 2923 Camillae,
931 2870 936 2877 ·
952 2870 957 2879 ·

129 2920 240 2972 Turbati
253 2921 358 2990 fugiunt
369 2924 467 2990 Rutuli,
481 2924 548 2991 sugit
560 2940 623 2976 acer
634 2924 737 2993 Atinas,

128 2988 293 3058 Disjcctique
305 2992 389 3044 duces
400 2992 565 3061 desolatique
578 2994 687 3062 manipli
923 2994 976 3045 870

129 3057 199 3109 Tuta
211 3068 312 3129 petunt,
322 3070 349 3113 et
358 3061 431 3129 equis
437 3063 521 3114 aversi
534 3062 568 3114 ad
580 3064 686 3115 moenia
697 3061 821 3115 tendunt.
851 3092 854 3097 ·

75 3218 140 3284 ⁴850.
159 3216 207 3263 We
219 3215 293 3265 know
304 3217 404 3278 nothing
415 3220 465 3266 else
477 3219 505 3266 of
512 3220 757 3276 Dercennus.—860‚
771 3220 821 3269 &c
838 3220 873 3269 So
882 3218 976 3289 stoutly

58 3274 97 3323 did
109 3274 152 3322 she
164 3275 227 3323 bend
240 3277 280 3324 the
292 3279 356 3332 bow,
370 3278 421 3324 that
437 3279 468 3325 its
486 3289 535 3325 two
551 3280 610 3327 ends
622 3281 714 3341 (captat
726 3288 775 3326 met
783 3295 791 3337 3
808 3278 857 3327 and
866 3278 942 3329 while
956 3288 975 3329 rt

57 3348 108 3401 was
119 3333 202 3381 drawn
214 3351 245 3393 up
257 3347 282 3383 to
294 3336 334 3383 the
346 3337 506 3392 arrum-head,
520 3353 548 3385 so
564 3354 590 3387 as
606 3349 632 3385 to
648 3338 721 3385 touch
737 3337 781 3386 her
791 3338 834 3387 lest
846 3338 921 3398 hand
932 3336 975 3389 th·

57 3401 135 3451 ttring
145 3393 226 3451 pullcd
239 3396 298 3442 with
310 3395 350 3442 the
362 3395 426 3455 right
438 3396 500 3443 hand
513 3397 615 3445 touched
627 3398 670 3444 lior
680 3398 770 3445 breast.
786 3412 810 3445 v.
822 3400 876 3445 507.
