2086 3622
402 163 494 202 arana
514 163 559 202 ιιι.
884 147 939 204 toa

84 289 146 346 Non
158 296 213 344 tam
227 290 320 343 creber
332 307 416 358 agens
428 290 549 344 hiemem
561 291 613 344 ruit
625 305 741 358 aequore
754 288 838 356 turbo,
886 295 939 344 470

84 361 173 420 Quam
185 359 287 413 multae
300 360 437 428 pecudum
448 371 548 431 pestes.
584 361 610 414 N
612 377 644 412 ec
656 358 761 428 singula
774 357 861 411 morbi

30 466 33 474 ·
82 431 198 499 Corpora
211 431 361 499 corripiunt,
375 430 424 482 sed
436 439 491 482 tota
502 430 606 482 aestiva
618 439 737 498 repente,

73 498 219 570 'Spemque
248 516 413 568 gregemque
444 499 533 570 simul,
564 507 744 568 cunctamque
773 497 808 550 ab
837 498 937 567 origine

152 579 270 636 gentem.

82 639 153 691 Turn
167 638 241 707 sciat,
254 637 342 690 aerias
355 638 432 706 Alpis
444 646 471 690 et
483 638 582 691 Norica
595 638 616 690 si
630 638 692 706 quis

83 707 199 760 Castella
211 708 236 759 in
250 708 360 760 tumulis
372 716 398 758 et
412 707 520 776 Iapydis
531 724 596 760 arva
608 707 714 760 Timavi
884 710 936 759 475

32 813 37 816 -
52 816 54 820 -
82 777 109 829 N
111 794 164 830 unc
176 780 353 846 qucque'post
366 786 438 828 tanto
450 776 548 846 videat,
562 778 721 844 desertaque
735 793 817 844 regna

80 847 229 914 Pastorum,
243 857 270 898 et
281 846 360 913 longe
373 845 457 897 saltus
469 845 577 914 lateque
590 848 718 898 vacantis.

117 916 170 968 Hic
181 915 315 984 quondam
329 915 421 967 morbo
434 916 502 968 coeli
516 915 667 968 miseranda
680 925 769 968 coorta
781 925 823 968 est

83 985 245 1054 Tempestas
256 993 363 1053 totoque
376 985 498 1038 autumni
513 985 650 1038 incanduit
662 995 747 1052 aestu,

84 1055 119 1108 Et
131 1072 217 1123 genus
228 1071 308 1107 omne
320 1054 381 1106 neci
394 1055 529 1122 pecudum
541 1055 623 1123 dedit,
637 1071 716 1108 omne
729 1054 853 1125 ferarum,
883 1058 935 1107 480

84 1125 255 1194 Corrupitqne
268 1123 350 1192 lacus,
364 1123 455 1176 infecit
467 1125 566 1193 pabula
578 1125 648 1178 tabo.

85 1196 145 1248 Nec
158 1195 202 1246 via
213 1194 306 1246 mortis
318 1202 375 1245 erat
387 1194 502 1262 simplex
510 1211 517 1262 3
536 1194 584 1246 sed
597 1194 644 1246 ubi
657 1195 735 1260 ignea
747 1192 824 1246 venis

84 1262 216 1317 Omnibus
227 1271 288 1316 acta
300 1263 358 1315 sitis
370 1264 482 1315 miseros
494 1263 642 1316 adduxerat
654 1273 735 1330 artus,

83 1335 184 1387 Rursus
195 1331 350 1386 abundabat
363 1331 461 1384 fluidus
473 1332 559 1401 liquor
570 1333 714 1400 omniaque
727 1331 753 1384 in
766 1348 796 1384 se

84 1405 152 1456 Ossa
163 1403 317 1455 minutatim
329 1402 421 1455 morbo
433 1401 551 1471 collapsa
564 1401 694 1454 trahebat.
885 1407 935 1456 485

84 1473 169 1542 Saepe
182 1472 209 1524 in
221 1472 319 1525 honore
332 1472 415 1524 deum
425 1471 516 1525 medio
529 1480 603 1524 stans
613 1471 701 1524 hostia
712 1469 747 1522 ad
759 1487 842 1542 aram,

84 1543 175 1595 Lanea
187 1542 253 1595 dum
265 1542 345 1594 nivea
357 1541 537 1595 circumdatur
549 1541 632 1595 insula
644 1541 718 1609 vitta,

83 1613 156 1666 Inter
168 1611 319 1666 cunctantis
330 1611 428 1664 cecidit
441 1611 599 1665 moribunda
609 1611 753 1664 ministros.

83 1685 140 1736 Aut
152 1682 175 1734 ei
187 1699 270 1750 quam
282 1681 351 1734 ferro
363 1689 528 1735 mactaverat
541 1691 603 1735 ante
616 1680 748 1749 sacerdos,

84 1752 151 1805 Inde
163 1769 251 1822 neque
264 1750 394 1820 impositis
405 1751 499 1804 ardent
511 1751 605 1805 altaria
617 1751 699 1821 fibris,
748 1761 754 1767 ’
884 1754 936 1803 490

31 1859 33 1863 -
84 1822 144 1874 Nec
156 1838 283 1890 responsa
295 1828 382 1890 potest
394 1821 531 1874 consultus
544 1821 655 1874 reddere
669 1828 752 1891 vates,

84 1894 125 1944 Ac
139 1892 183 1944 vix
194 1891 322 1960 suppositi
335 1890 490 1958 tinguuntur
502 1891 630 1959 sanguine
643 1890 730 1960 cultri,

84 1961 249 2029 Summaque
261 1959 353 2030 jejuna
365 1960 440 2011 sanie
452 1959 600 2013 infuscatur
611 1977 701 2012 arena.

83 2031 152 2084 Hinc
164 2031 242 2083 laetis
253 2029 330 2082 vituli
342 2028 422 2096 vulgo
434 2030 579 2082 moriuntur
592 2029 617 2080 in
630 2028 728 2095 herbis,

85 2102 120 2154 Et
132 2100 218 2154 dulcis
230 2099 335 2151 animas
347 2098 427 2167 plena
438 2097 471 2149 ad
485 2097 625 2168 praesepia
638 2097 768 2166 reddunt3
885 2103 936 2152 495

30 2205 39 2210 υ
83 2171 154 2224 Ηὶιιο
165 2168 279 2223 canibus
290 2166 397 2221 blandis
409 2166 497 2220 rabies
509 2167 589 2236 venit,
604 2176 631 2220 et
642 2167 727 2236 quatit
738 2183 833 2236 aegros

83 2241 177 2294 Tussis
189 2239 286 2292 anhela
299 2255 363 2291 sues
374 2254 407 2290 ac
418 2236 541 2290 saucibus
553 2237 625 2305 angit
638 2237 735 2290 obesis.
819 2280 821 2283 .

84 2310 195 2364 Labitur
207 2309 302 2362 infelix
314 2307 462 2362 studiorum
474 2315 555 2377 atque
568 2308 711 2360 immemor
722 2306 823 2362 herbae

83 2379 174 2433 Victor
185 2382 279 2449 equus,
293 2379 435 2447 sontesque
447 2378 574 2431 avertitur
586 2386 614 2430 et
625 2377 695 2447 pede
708 2386 807 2432 terrant

82 2449 181 2502 Crebra
192 2449 269 2517 lerit;
289 2448 425 2501 demissae
437 2464 531 2516 aures,
550 2447 666 2501 incertus
679 2446 780 2502 ibidem
886 2450 937 2499 500

30 2559 32 2564 f
83 2519 174 2588 Sudor,
188 2528 216 2572 et
227 2518 273 2571 ille
285 2517 396 2588 quidem
408 2517 544 2577 morituris¹
553 2516 666 2585 frigidus
672 2533 680 2584 3
698 2525 755 2570 aret

83 2589 167 2642 Pellis
178 2592 206 2641 et
217 2588 252 2641 ad
265 2596 367 2641 tactum
379 2587 502 2640 tractanti
514 2583 581 2639 dirra
594 2586 700 2639 resistit.

83 2658 158 2709 Haec
170 2665 233 2708 ante
245 2657 358 2711 exitium
370 2656 463 2725 primis
475 2655 538 2708 dant
552 2656 627 2724 signa
639 2654 752 2722 diebus;

84 2726 130 2778 Sin
142 2726 170 2777 in
182 2741 308 2795 processu
321 2726 409 2794 coepit
422 2724 580 2777 crudescere
592 2723 709 2791 morbus,

83 2794 155 2847 Turn
167 2810 229 2846 vero
243 2795 368 2847 ardentes
380 2793 451 2845 oculi
462 2802 544 2860 atque
556 2799 685 2844 attractus
696 2790 732 2842 ab
743 2791 796 2843 alto
886 2795 936 2844 505

72 2864 202 2932 Spiritus,
216 2862 350 2915 interdum
361 2861 464 2929 gemitu
476 2860 572 2930 gravis,
586 2860 694 2928 imaque
706 2858 784 2928 longo

83 2933 133 2987 Ilia
145 2931 262 2999 singultu
274 2931 395 2997 tendunt,
408 2930 429 2981 it
441 2929 551 2982 naribus
561 2937 619 2982 ater

42 3049 158 3096 474-481,
176 3040 345 3092 Introduction
359 3050 385 3089 to
401 3057 416 3088 e
431 3041 518 3088 strikin
551 3041 629 3090 descri
647 3040 699 3092 tion
714 3040 742 3090 of
759 3057 790 3089 an
811 3043 937 3091 autumnal

30 3106 134 3166 pidemic
149 3119 221 3152 amon
249 3101 323 3150 cattle
335 3101 360 3149 in
370 3101 412 3148 the
426 3100 503 3149 Noric
541 3101 619 3161 lpsan
647 3100 937 3161 itsneighbourhood.-·

30 3169 128 3214 82-485.
147 3119 317 3223 Compdicated
329 3170 413 3209 nature
424 3159 452 3208 of
459 3160 500 3208 the
511 3161 614 3209 disease.
624 3183 655 3194 -
662 3163 787 3228 tao-493..
795 3161 831 3208 Its
842 3161 936 3229 sudden

30 3225 100 3275 ffects
116 3241 147 3272 on
163 3224 247 3282 sheep.
258 3223 352 3278 -494,
365 3223 418 3268 495.
436 3220 472 3269 Its
489 3220 583 3270 sudden
599 3219 685 3268 effecte
700 3235 733 3268 cn
748 3219 837 3267 herfers
853 3235 879 3267 ru
894 3220 936 3269 the

30 3286 234 3342 astures-496,
247 3285 302 3332 407.
321 3280 362 3329 On
372 3280 433 3342 dogs
450 3279 497 3328 and
507 3280 755 3329 Μῶα-498502.
773 3278 935 3327 Commemo-

30 3353 82 3453 telqt
93 3342 122 3392 of
133 3342 175 3392 the
188 3343 283 3392 diseaee
298 3341 324 3390 in
337 3340 590 3390 horsee.-50³-514.
608 3339 727 3402 Progrese
742 3336 771 3387 of
782 3337 824 3386 the
840 3337 880 3388 dle

30 3418 40 3454 r
66 3417 143 3453 oreae.
