2086 3622
438 148 600 190 tartareos.

126 280 181 334 Sub
191 281 316 347 precibus
327 278 407 331 venia
417 276 473 331 ulla
483 277 557 347 latet,
569 284 708 346 totumque
719 276 826 331 moveri

127 350 262 402 Mutarive
275 358 353 417 putas
364 347 476 413 bellum,
489 363 552 415 spes
562 346 651 415 pascis
663 346 769 399 inanis’

128 420 163 471 Et
176 419 244 471 June
256 419 439 472 allacrimans:
461 415 553 483 ‘Quid
566 416 597 483 si,
610 431 680 483 quae
691 432 759 468 voce
770 415 906 488 gravaris,

128 488 223 540 Mente
236 490 322 556 dares,
335 495 415 554 atque
428 484 496 537 haec
508 486 597 537 Turno
608 492 664 535 rata
675 485 732 537 vita
743 486 894 541 manescit

128 558 208 609 Nunc
219 567 311 610 manet
323 557 456 608 insontem
467 554 556 621 gravis
568 553 670 619 exitus;
687 562 735 606 aut
746 570 799 623 ego
810 555 871 609 veti
936 562 988 612 630

128 627 205 677 Vana
218 627 294 678 feror.
330 623 407 682 Quod
420 632 448 676 ut
461 640 476 674 ο
488 623 577 692 potius
589 621 731 675 formidine
742 622 815 677 falsa

129 694 224 764 Ludar‚
238 704 265 746 et
278 695 304 746 in
316 694 413 746 melius
425 701 478 759 tua,
491 692 538 812 qui
551 701 635 760 potes,
649 707 709 744 orsa
720 692 850 747 reflectas
859 693 879 748 l’

129 764 205 815 Haec
216 763 262 816 ubi
275 764 347 815 dicta
358 761 439 830 dedit,
452 778 500 813 coe
512 778 527 812 o
540 778 569 813 se
582 770 709 829 protenus
720 760 775 813 alto

129 833 213 897 Misit,
226 850 310 900 agens
321 832 449 899 hiemem,
463 831 554 883 nimbo
567 830 710 901 succincta,
723 846 772 899 per
782 847 874 903 aures,

131 901 295 969 Iliacamque
307 901 396 952 aciem
407 908 434 952 et
446 899 589 951 Laurentia
600 908 687 952 castre
697 898 804 968 petivit.
935 906 986 957 635

129 971 200 1022 Turn
212 971 265 1022 dea
277 970 347 1022 nube
359 986 427 1021 cava
439 978 547 1020 tenuem
560 969 619 1021 sine
631 969 733 1022 viribus
743 970 873 1025 umbram

130 1039 160 1091 In
173 1039 272 1091 faciem
284 1038 489 1092 Aeneae-visu
503 1038 628 1091 mirabile
641 1045 827 1093 monstrum-

130 1108 269 1161 Darrlaniis
281 1115 355 1160 emat
367 1107 436 1175 telis,
449 1107 622 1177 clipeumque
633 1106 765 1177 jubesque

130 1179 218 1230 Divini
230 1177 371 1231 assimulat
382 1176 485 1245 capitis,
498 1177 543 1228 dat
555 1177 644 1229 inania
656 1174 746 1244 verba,

130 1250 181 1299 Dat
194 1248 252 1300 sine
263 1256 355 1300 mente
368 1263 469 1315 serrum,
482 1262 644 1315 gressusque
655 1244 759 1313 effingit
769 1247 878 1301 euntis:
932 1252 986 1303 ete

129 1316 218 1368 Morte
230 1316 304 1369 ubila
315 1316 400 1385 qualis
412 1315 485 1368 sarna
497 1325 538 1368 est
551 1316 659 1368 volitare
670 1315 777 1386 figures,

130 1388 184 1437 Aut
197 1402 267 1453 quac
280 1387 380 1454 sopitos
391 1385 520 1437 deludunt
533 1385 636 1438 somnia
647 1400 752 1437 sensas.

130 1455 168 1507 At
180 1455 280 1523 primas
293 1455 364 1507 laeta
375 1464 437 1506 ante
449 1455 523 1506 acies
534 1454 649 1507 exsultat
660 1454 757 1525 imago,

130 1523 271 1592 Irritatque
283 1525 369 1577 virum
383 1524 444 1576 telis
455 1532 483 1575 et
494 1540 561 1575 voce
573 1524 690 1577 lacessit.

130 1592 214 1645 instat
226 1594 269 1644 cui
281 1594 393 1660 Turnus,
407 1592 617 1661 stridentemque
634 1592 742 1646 eminus
752 1592 863 1649 huam
934 1598 986 1649 64⁶

131 1660 257 1730 Conjicit3
276 1661 322 1712 illa
334 1661 395 1713 dato
407 1661 488 1713 vertit
500 1663 613 1730 vestigia
624 1670 708 1730 tergo.

131 1730 202 1782 Tum
213 1747 276 1782 vero
289 1732 401 1782 Aenean
412 1746 538 1783 aversum
550 1741 579 1784 ut
592 1731 690 1784 cedere
701 1731 810 1785 Turnus

131 1799 256 1869 Credidit,
269 1808 350 1868 atque
362 1799 452 1852 animo
464 1817 541 1869 spem
555 1801 675 1855 turbidus
686 1799 776 1855 hausit
787 1801 914 1857 inanem

133 1869 206 1927 ‘Quo
219 1869 299 1938 fugis,
312 1869 427 1922 Aenesi
446 1868 579 1923 thalamos
589 1888 624 1923 ne
635 1870 732 1923 desere
742 1878 853 1941 peetoe;

131 1939 190 1991 Hac
201 1939 307 1993 dabitur
319 1939 413 1992 dextra
425 1939 505 1992 tellus
515 1941 638 2008 quaesita
649 1956 698 2009 per
708 1938 814 1993 undas!
933 1944 986 1995 650

131 2009 208 2060 Talia
221 2010 371 2063 vociferans
383 2008 510 2077 sequitur,
524 2009 700 2079 strictumque
711 2014 835 2063 coruscat

132 2077 308 2147 Macronem3
326 2095 378 2132 nec
389 2078 458 2131 serre
470 2078 544 2131 videt
556 2096 606 2131 sua
616 2077 715 2147 madia
725 2086 831 2133 veum.

133 2147 211 2199 Forte
223 2148 287 2201 ratis
299 2148 365 2201 celsi
377 2147 518 2216 conjuncta
530 2148 667 2217 crepidine
678 2146 738 2201 saxi

133 2216 269 2285 Expositis
280 2218 368 2270 stabat
380 2217 462 2270 scalis
474 2225 501 2270 et
512 2225 592 2287 pente
605 2224 704 2287 parate,

131 2284 191 2342 Qua
203 2302 251 2338 rex
262 2287 377 2339 Clusinis
388 2286 519 2340 advectus
530 2287 638 2341 Osinius
647 2286 709 2339 cris.

131 2354 191 2406 Huc
203 2371 263 2407 sese
276 2355 380 2424 trepida
391 2358 502 2409 Aeneae
514 2356 641 2425 fugientis
652 2356 741 2425 image

131 2423 243 2492 Conjicit
256 2425 282 2475 in
295 2424 428 2493 latebras3
446 2443 496 2479 nec
508 2426 614 2480 Turnus
624 2425 730 2494 segnior
740 2424 831 2497 instet,

132 2493 335 2561 Exsuperatque
346 2510 442 2560 moras,
456 2503 483 2546 et
495 2496 582 2564 pontis
594 2494 706 2549 transilit
716 2492 794 2549 sites

130 2562 182 2614 Vix
194 2577 299 2629 proram
311 2562 448 2629 attigerat:
469 2564 568 2633 rumpit
580 2564 702 2619 Saturnia
713 2562 817 2635 funem,

130 2630 313 2700 Avolsamque
324 2631 393 2701 rapit
405 2632 524 2686 revoluta
536 2651 584 2702 per
595 2649 713 2704 aequora
723 2648 834 2687 navem.
931 2638 985 2689 ⁰⁶⁰

132 2701 203 2754 Tum
216 2701 283 2753 levis
295 2700 367 2754 haud
379 2701 448 2754 ultra
460 2701 575 2756 latebras
585 2703 642 2773 jam
652 2702 759 2772 quaerit
769 2702 868 2773 imagtq

129 2770 181 2824 Sed
194 2771 309 2824 sublime
321 2771 414 2825 volans
425 2772 490 2825 nubi
503 2790 532 2825 se
544 2772 691 2827 immiscuit
701 2779 786 2826 attae.

129 2839 210 2892 Illum
221 2849 314 2894 autem
327 2844 434 2894 Aeneas
446 2842 587 2895 absentem
599 2843 626 2895 in
637 2839 738 2912 proelia
750 2840 837 2911 pascit
844 2855 854 2911 ;

129 2909 214 2961 Obvia
227 2911 311 2962 multa
322 2912 410 2964 virum
422 2910 538 2964 demittit
550 2928 659 2981 corpora
669 2910 748 2964 morti
755 2926 764 2979 3

129 2979 197 3031 Cum
210 2980 329 3032 Turnum
344 2980 434 3033 medic
445 2981 546 3033 interea
557 2981 608 3035 lert
620 2996 735 3051 aequore
746 2978 834 3035 turbo.
930 2986 985 3039 Ost

87 3140 141 3185 628.
158 3138 214 3186 The
231 3138 324 3197 ellipsis
341 3155 422 3187 seems
437 3148 463 3187 to
480 3141 510 3187 be
526 3142 646 3200 quiritem
661 3154 779 3200 magnum
793 3148 898 3199 essem
932 3140 985 3195 b.

57 3201 147 3245 -630.
170 3198 238 3245 Vane
254 3202 314 3254 veri,
332 3211 416 3258 empty
427 3198 455 3246 of
467 3198 542 3255 truth,
559 3199 777 3248 deceiued-ffl.
799 3196 895 3249 Vesus.
989 3224 994 3231 ·

57 3261 216 3305 turm—654.
233 3256 319 3305 Pente.
351 3258 398 3304 See
407 3266 432 3304 at
440 3260 590 3307 aes—655.
606 3258 708 3307 Osinius
719 3258 985 3313 seemstohavelm

58 3316 168 3374 aprince
190 3316 267 3363 under
282 3316 414 3363 Massicus.
452 3315 500 3363 See
518 3320 668 3366 tta-659.
684 3316 813 3365 seranta
851 3316 902 3367 flas
922 3320 983 3373 ss
1030 3354 1034 3359 -

57 3377 94 3422 23.
101 3378 244 3422 -661-665
255 3390 295 3423 are
306 3374 446 3433 differently
457 3376 574 3435 arranged
585 3391 610 3425 tn
622 3386 687 3425 most
697 3375 768 3425 ether
777 3374 895 3427 edition.
