2086 3622
347 215 348 218 Ἴ
439 148 531 191 niuea
549 150 581 190 x.
915 135 973 192 aot

122 279 218 346 Erigat
230 277 275 331 hic
286 293 395 331 aevum.
430 278 533 346 Magna
544 277 645 331 ditione
656 277 747 347 jubeto

123 348 253 416 Carthago
266 356 370 417 premat
382 349 532 401 Ausoniam
538 364 546 416 5
567 347 634 400 nihil
646 345 758 400 urbibus
770 345 834 399 inda

123 417 243 470 Obstabit
255 417 352 486 Tyriis.
387 416 456 476 Quid
469 426 574 486 pestem
586 417 701 470 evadere
713 415 778 470 belli
939 420 973 470 5⁵

122 487 137 539 J
140 488 195 539 uvit
208 495 236 539 et
248 485 385 554 Argolicos
396 487 518 540 medium
529 486 630 554 fugisse
642 503 690 556 per
702 486 779 556 ignis,

124 556 227 626 Totque
240 557 320 609 maris
332 565 477 625 vastaeque
490 555 621 608 exhausta
632 555 750 625 pericula
762 564 855 624 terrae,

124 626 195 678 Dum
208 625 315 678 Latium
326 625 424 678 Teucri
437 623 608 694 recidivaque
620 624 752 694 Pergama
764 624 915 694 quaerunt?

123 695 183 747 Non
196 695 285 763 satius,
299 695 402 747 cineres
415 694 517 763 patriae
529 693 661 747 insedisse
673 711 813 764 supremos

123 766 158 815 At
179 781 213 815 ue
226 764 320 833 solum,
334 779 386 831 quo
398 762 479 832 Troja
490 763 560 816 furit
595 762 732 816 Xanthum
745 772 772 816 et
784 764 920 818 Simoenta
940 766 974 816 60

124 781 225 901 Redde,
238 849 290 899 oro,
305 832 418 900 miseris,
432 833 583 903 iterumque
597 832 733 885 revolvere
746 850 824 886 casus

123 903 172 971 Da,
185 911 267 971 pater,
280 901 377 954 Iliacos
389 901 518 954 Teucris!
555 902 627 954 Tum
639 902 712 969 regia
722 902 792 956 Juuo

124 973 193 1022 Acta
206 971 293 1023 surore
304 971 395 1039 gravi:
417 971 501 1029 ‘Quid
513 989 559 1025 me
570 971 625 1037 alta
637 971 744 1024 silentia
754 971 828 1040 cogis

124 1042 258 1109 Rumpere
270 1050 297 1093 et
309 1041 457 1093 obductum
468 1042 558 1095 verbis
569 1041 677 1109 vulgare
689 1040 827 1094 dolorem?

124 1112 236 1162 Aenean
249 1109 387 1163 hominum
399 1110 544 1180 quisquam
556 1111 700 1178 divomque
712 1110 819 1179 subegit
940 1112 974 1162 65

123 1179 199 1232 Bella
214 1180 297 1248 sequi,
311 1189 358 1231 aut
370 1178 475 1232 hostem
488 1180 543 1247 regi
554 1196 585 1232 se
597 1179 693 1232 inferre
706 1179 819 1232 Latinol

124 1248 230 1300 ltaliam
243 1248 319 1317 petiit
331 1248 394 1300 fatis
405 1249 686 1302 auctoribus-esto-

124 1317 288 1369 Cassandrae
301 1317 433 1386 impulsus
445 1317 537 1370 furiis:
556 1334 623 1370 num
635 1316 756 1386 linquere
769 1323 859 1370 eastra

124 1387 226 1439 Hortati
237 1403 339 1454 sumus,
352 1394 399 1439 aut
410 1387 493 1439 vitem
506 1387 674 1439 committere
687 1385 794 1438 ventisl
965 1379 978 1431 l

123 1457 198 1508 Num
210 1472 292 1526 puero
304 1472 439 1508 summam
452 1456 523 1525 betti,
538 1473 603 1508 num
615 1455 726 1508 credere
736 1456 847 1509 mutual
941 1461 975 1510 70

124 1526 346 1595 Tyrrhenamque
357 1524 440 1579 fidem
452 1535 497 1578 aut
508 1526 597 1595 gentis
607 1525 709 1593 agitare
721 1523 847 1594 quietas}

125 1596 191 1651 Quis
202 1596 270 1648 deus
282 1595 309 1647 in
321 1594 452 1664 fraudem,
465 1612 536 1665 quae
547 1596 614 1648 dura
624 1595 744 1664 potentia
755 1595 838 1648 nostri

125 1665 205 1733 Egit?
224 1664 270 1719 ubi
281 1663 327 1718 hio
338 1664 415 1734 Juno,
429 1665 583 1718 demissave
595 1664 713 1718 nubibus
724 1664 794 1717 Irisl

124 1733 266 1802 indignum
278 1744 320 1788 est
331 1733 412 1787 Italos
423 1733 531 1805 Trojam
542 1734 709 1788 circumdare
720 1733 840 1788 flammis

123 1803 294 1871 Nascentem‚
308 1814 336 1855 et
348 1804 433 1872 patria
445 1806 565 1857 Turnum
578 1805 723 1856 consistere
736 1815 812 1874 terra,
941 1807 976 1856 75

124 1873 173 1923 Cui
186 1874 325 1924 Pilumnus
338 1888 411 1941 avus,
425 1875 468 1925 cui
480 1872 544 1925 diva
556 1872 659 1925 Venilia
672 1882 773 1925 mater:

124 1940 202 2009 Quid,
217 1941 277 1993 lace
289 1941 418 2011 Trojanos
430 1950 487 1994 atra
499 1941 554 1994 vim
566 1941 635 1994 serre
648 1941 756 2010 Latinis,

124 2012 197 2061 Arva
208 2010 296 2062 aliena
307 2010 370 2078 jugo
382 2026 505 2078 premere
517 2017 598 2078 atque
610 2020 731 2062 avertere
742 2008 873 2078 praedas!

125 2079 204 2149 Quid,
218 2095 323 2132 soceros
335 2080 424 2145 legere
437 2087 464 2132 et
475 2079 587 2148 gremiis
599 2079 734 2132 abducere
746 2086 845 2149 pactas,

125 2149 225 2201 Pacem
236 2165 310 2201 orare
323 2165 413 2217 manu,
425 2149 573 2218 praefigere
607 2148 724 2219 uppibus
734 2148 832 2201 armal
940 2152 975 2202 80

125 2218 167 2269 Tu
179 2226 256 2286 potes
268 2220 379 2270 Aenean
392 2218 518 2271 manibus
529 2165 681 2271 subducere
693 2218 812 2285 Graium,

124 2287 227 2355 Proque
240 2288 296 2340 viro
308 2285 435 2340 nebulam
448 2296 475 2340 et
487 2296 582 2340 ventos
592 2287 738 2341 obtendere
750 2287 846 2356 inanis,

125 2359 159 2410 Et
171 2365 248 2425 potes
259 2357 285 2408 in
299 2357 411 2410 totidem
423 2356 539 2410 classem
551 2365 707 2410 convertere
719 2357 745 2410 N
747 2355 876 2427 ymphas:

123 2427 180 2478 Nos
191 2425 291 2495 aliquid
304 2426 415 2481 Rutulos
427 2435 518 2479 contra
528 2425 629 2496 juvisse
642 2424 791 2480 nefandum
802 2426 864 2480 est‘l

124 2498 232 2548 Aeneas
244 2496 353 2565 ignarus
364 2497 455 2550 abest:
474 2497 583 2564 ignarus
594 2505 622 2549 et
633 2495 718 2550 absit:
939 2500 974 2549 85

124 2566 173 2618 Est
185 2565 301 2635 Paphus,
317 2565 486 2635 Idaliumque
499 2565 554 2636 tibi,
568 2574 628 2619 sunt
640 2566 695 2620 alta
707 2563 831 2637 Cythera.

122 2633 191 2693 Quid
203 2635 341 2701 gravidam
353 2635 432 2688 bellis
442 2636 537 2688 urbem
551 2644 578 2688 et
589 2635 669 2688 corda
681 2651 777 2704 aspera
788 2633 896 2686 tentasl

121 2704 213 2756 Nosne
226 2703 274 2756 tibi
286 2704 373 2756 fluxas
385 2704 516 2772 Phrygiae
529 2721 571 2756 res
583 2712 686 2756 vertere
698 2702 781 2755 fundo

120 2772 272 2824 Conamurl
291 2772 359 2825 noel
376 2789 410 2824 an
423 2775 535 2825 miseros
546 2772 592 2841 qui
604 2772 686 2824 Troas
698 2769 810 2824 Achivis

121 2839 244 2910 Objecitl
280 2841 356 2899 Quae
369 2857 467 2894 caussa
477 2841 535 2910 fuit,
549 2856 708 2908 consurgere
720 2839 747 2892 iu
759 2855 835 2893 arma
940 2843 974 2892 90

79 2976 116 3021 54.
145 2972 179 3020 Ut
192 2983 291 3034 premat.
330 2972 471 3021 Ausoniam.
512 2972 558 3020 See
592 2975 662 3029 .180,
675 2971 723 3021 line
739 2975 843 3021 5.-55.
916 2975 971 3032 rio,

49 3048 82 3081 rv.
94 3035 214 3081 75.-56.
232 3032 365 3094 Argolicos,
379 3031 403 3079 ii.
415 3035 536 3080 55.-58.
588 3049 690 3092 argento,
703 3031 727 3079 ii.
741 3035 876 3082 tra-60.
927 3049 971 3082 an·

48 3095 112 3144 thus,
127 3091 175 3138 dcc.
208 3091 296 3139 Rivers
312 3090 340 3138 os
353 3091 512 3151 Troy-64.
542 3090 673 3146 Consum,
686 3093 729 3139 vul
744 3108 787 3140 ore
801 3092 971 3142 verto-67.

48 3149 134 3218 Ρεειῑεξ
147 3151 204 3210 long
215 3151 248 3210 by
259 3150 300 3198 the
311 3150 462 3218 arsia-63.
482 3149 688 3219 Cassandrocqiii.
701 3108 752 3198 rol.
778 3149 907 3212 Linquere,
919 3149 970 3199 dvc.

48 3207 169 3269 Alludrng
179 3218 205 3256 to
216 3208 258 3257 the
274 3220 360 3257 events
376 3209 515 3257 mentioned
531 3224 556 3256 m
566 3209 607 3256 the
619 3208 711 3270 Ergbth
722 3208 885 3260 Book-79.
901 3208 969 3259 Soco-

49 3268 159 3324 ros,&c.
191 3267 311 3328 Alluding
326 3277 352 3316 to
369 3268 477 3316 Lavinia
509 3268 557 3316 See
573 3282 596 3328 p.
613 3271 666 3324 291,
679 3268 728 3317 line
743 3271 864 3317 29.-81.
895 3267 969 3323 Allu-

45 3327 106 3388 ding
116 3337 142 3375 to
152 3336 238 3375 events
254 3328 389 3375 connected
399 3327 460 3376 with
470 3327 541 3378 those
557 3325 662 3378 referred
676 3336 702 3376 to
717 3334 743 3376 at
753 3327 769 3377 i.
781 3329 819 3378 97.
851 3326 899 3378 See
914 3325 970 3381 also

47 3402 71 3435 v.
82 3385 238 3498 mageo*—
246 3389 283 3436 83.
301 3386 349 3436 See
361 3386 393 3435 ix.
405 3389 444 3446 80,
458 3386 507 3438 tic.
