2086 3622
429 189 522 231 uraca
542 189 594 231 vii.
910 173 971 232 ato

122 321 268 373 Contentus
279 317 332 370 late
343 316 400 389 jam
412 326 469 371 tum
481 317 581 372 ditione
594 317 734 389 premebat

122 390 246 442 Sarrastis
258 388 369 458 populos
381 397 407 441 et
420 405 489 458 quae
502 388 571 457 rigat
582 403 698 457 aequora
709 386 814 457 Sarnus,

121 459 227 529 Quique
240 458 335 511 Rufras
346 458 525 526 Batulumque
538 466 629 510 tenent
641 464 722 526 atque
734 473 798 509 arva
809 456 953 526 Celerinae,

122 529 156 580 Et
168 544 235 596 quos
246 526 385 579 maliferae
397 526 554 595 despectant
566 526 673 579 moenia
683 525 798 579 Abellae
919 531 969 581 740

120 597 265 649 Teutonico
278 596 327 648 ritu
340 597 408 648 soliti
421 604 543 665 torquere
555 596 662 664 cateias,

119 667 252 734 Tegmina
263 667 324 734 quis
335 666 454 734 capitum
467 672 557 733 raptus
568 664 603 716 de
616 665 711 717 subere
724 672 822 736 cortex,

120 738 289 803 Aerataeque
302 735 403 786 micant
414 735 512 802 peltae,
526 733 608 785 micat
620 749 715 786 aereus
726 735 807 787 ensis.

155 805 188 856 Et
201 813 227 856 te
239 812 377 855 montosae
389 803 487 855 misere
499 803 526 855 in
537 802 638 871 proelia
648 803 760 873 Nersae,

119 873 211 942 Ufens,
225 872 357 940 insignem
369 871 442 924 fama
454 880 481 925 et
493 871 617 925 felicibus
627 872 726 940 arinis,
918 875 969 925 745

119 942 229 994 Horrida
240 942 384 1010 praecipue
396 941 440 994 cui
451 958 525 1012 gens,
538 948 699 1062 assuetaque
711 939 795 994 multo

119 1011 223 1063 Venatu
236 1026 383 1080 nemorum,
396 1010 470 1064 duris
480 1010 631 1080 Aequicula
641 1027 659 1079 g
670 1009 737 1063 ebis.

118 1080 222 1132 Armati
236 1089 332 1132 teriam
345 1088 478 1150 exercent,
492 1096 652 1149 semperque
664 1078 779 1132 recentis

119 1150 282 1201 Conveotare
292 1147 368 1217 juvat
379 1149 493 1228 praedas
505 1157 532 1202 et
544 1149 637 1202 rivere
649 1156 731 1216 rapto.

153 1217 223 1274 Quin
234 1225 262 1269 et
273 1217 411 1270 Marruvia
422 1219 494 1271 venit
506 1217 541 1270 de
553 1225 634 1286 gente
645 1215 776 1285 sacerdos,
918 1219 969 1268 750

118 1285 223 1338 Fronde
236 1303 315 1355 super
325 1287 432 1354 galeam
444 1299 472 1339 et
484 1286 558 1339 felici
569 1302 628 1338 coin
648 1294 692 1338 tus
704 1283 782 1354 oliva,

118 1355 247 1424 Archippi
259 1355 329 1422 regis
340 1355 432 1425 missu,
446 1355 606 1408 fortissimus
639 1353 725 1408 mbro.

119 1423 233 1492 Vipeieo
244 1424 337 1492 generi
349 1432 375 1477 et
387 1425 502 1493 graviter
514 1423 677 1494 spirantibus
687 1421 782 1492 hydris

118 1492 246 1560 Spargere
258 1493 304 1561 qui
316 1510 423 1546 somnos
434 1496 569 1562 cantuque
580 1508 666 1547 manu
683 1508 718 1544 ue
729 1490 833 1548 solebat

119 1561 312 1631 Muloebatque
324 1563 377 1616 iias
388 1571 415 1616 et
427 1578 532 1617 morsus
543 1571 600 1615 arte
611 1560 673 1616 leva
709 1567 728 1614 t.
915 1563 966 1613 75⁵

119 1630 171 1684 Sed
183 1648 235 1685 nou
247 1632 397 1685 Dardaniae
409 1631 538 1686 medicari
550 1629 670 1702 cuspidis
681 1629 767 1684 ictum

120 1700 236 1770 Evaluit,
250 1717 339 1770 neque
351 1718 415 1755 eum
431 1702 526 1772 juvere
537 1703 566 1755 iii
577 1700 689 1754 vulnera
700 1708 795 1754 cantus

119 1769 261 1822 Somniferi
272 1779 300 1822 et
312 1771 410 1823 Marsis
421 1772 560 1841 quaesitae
572 1770 708 1824 montibus
719 1768 830 1826 herbae.

119 1838 160 1889 Te
172 1855 268 1891 nemus
279 1840 430 1909 Anguitiae,
444 1839 529 1893 vitrea
541 1849 568 1892 te
580 1839 699 1894 Fucinus
710 1837 791 1909 unda,

119 1907 159 1958 Te
172 1906 266 1975 liquidi
278 1907 378 1960 flevere
390 1907 473 1962 lacus.
918 1909 971 1959 700

154 1974 213 2028 lbat
225 1984 253 2028 et
264 1976 401 2046 Hippolyti
413 1977 501 2047 proles
512 1975 691 2046 pulcherrima
702 1975 781 2046 bello,

119 2044 234 2114 Virbius,
248 2045 381 2113 insignem
392 2062 475 2114 quem
487 2054 573 2099 mater
584 2045 674 2098 Aricia
686 2044 767 2115 misit,

121 2113 257 2185 Ediictuui
269 2113 384 2181 Egeriae
396 2113 465 2168 lucis
476 2115 615 2168 humentia
626 2115 728 2166 circum

120 2183 217 2251 Litora,
231 2183 337 2252 pinguis
348 2182 394 2236 ubi
406 2191 434 2235 et
445 2182 584 2252 placabilis
596 2199 642 2235 ara
653 2183 766 2236 Dianae.

120 2252 246 2320 Namque
268 2251 358 2305 ferunt
379 2251 453 2306 ferna
475 2252 658 2324 Hippolytum,
682 2259 824 2322 postquam
846 2256 904 2305 arte
926 2266 972 2304 no·

189 2337 286 2374 vercae

120 2389 252 2443 Occiderit
300 2390 416 2461 triasque
429 2390 542 2471 explerit
554 2389 686 2460 sanguine
697 2405 799 2460 poenas

121 2458 246 2512 Turbatis
276 2460 401 2514 istractus
411 2477 496 2531 equis,
509 2459 645 2513 adsidere
656 2475 746 2515 rursus

121 2527 250 2582 Aetheria
261 2537 288 2582 et
300 2546 411 2599 superas
422 2530 491 2584 coeli
499 2530 606 2584 venisse
619 2530 669 2584 sub
681 2544 768 2599 auras,

121 2596 246 2651 Paeoniis
257 2610 412 2653 revocatum
423 2599 515 2654 herbis
525 2607 553 2652 et
565 2615 656 2652 amore
668 2599 781 2652 Dianae.

122 2665 193 2719 Tum
202 2666 280 2720 Pater
289 2667 463 2738 omnipotens,
471 2668 592 2738 aliquem
601 2668 754 2736 indignatus
761 2665 797 2719 ab
805 2663 909 2719 umbris
921 2668 973 2717 770

82 2825 136 2872 741.
157 2821 232 2872 Soliti
250 2828 413 2874 sunt-742.
433 2824 504 2886 Qum,
522 2824 716 2884 quibus-747.
737 2821 840 2871 Versata.
880 2820 929 2870 See
948 2829 974 2869 at

51 2880 106 2934 Eo.
118 2897 141 2930 v.
153 2885 191 2930 29.
226 2881 276 2931 But
291 2882 374 2933 others
390 2884 502 2932 consider
518 2884 536 2931 it
552 2899 579 2931 as
595 2884 637 2930 tlie
653 2881 862 2930 ablativa-750.
881 2879 973 2928 Others

50 2940 123 2988 write
134 2940 370 2992 Munatio-751.
392 2943 440 2991 See
456 2951 480 2990 at
495 2958 519 2990 v.
536 2945 590 2998 556,
608 2940 655 2989 and
669 2941 755 3047 Georfi.
772 2939 796 2988 ii.
811 2942 867 2996 477,
883 2942 975 2988 486.-·

50 3002 107 3051 763.
123 2998 295 3070 Egericaoue
306 3001 334 3050 os
340 3001 382 3070 the
393 3001 474 3050 native
486 3001 574 3049 Italian
583 2999 679 3056 deities,
689 3014 726 3047 we
757 2999 848 3048 known
857 2992 920 3047 from
930 2997 975 3047 hei·

50 3070 198 3128 connection
213 3060 273 3109 with
288 3061 330 3109 the
345 3060 439 3121 history
455 3060 483 3109 oi
499 3058 830 3128 Numa-7653Nopcrcoe.
863 3056 975 3106 Phaedra

52 3125 105 3174 <see
121 3129 146 3165 at
157 3134 189 3167 vi.
200 3122 264 3176 444),
277 3120 383 3189 enraged
399 3130 423 3168 at
439 3120 483 3168 her
498 3129 599 3178 stepson
614 3118 651 3167 sor
665 3128 766 3187 rejectis
794 3117 838 3165 lier
849 3116 913 3222 Ilipa,
926 3115 974 3164 had

50 3174 327 3298 sslpeppisapcpppipotppp
338 3176 976 3308 toN'Iglpppppspe,pipoppsspffipgrpmwhpppqrigpppppp

50 3292 96 3343 the
110 3293 197 3345 boreos
212 3297 266 3345 that
276 3313 341 3366 were
357 3297 466 3359 drawing
481 3298 523 3346 tlie
539 3298 631 3369 chamot
647 3295 675 3344 os
686 3295 843 3355 Hippolytus,
856 3292 913 3341 who
923 3307 975 3340 was

52 3352 151 3474 ‘dm
164 3355 619 3479 ffitridgolduwedip'aioe''Pffly‘i't’c
626 3354 689 3406 froin
703 3357 787 3410 notor,
799 3352 843 3401 the
858 3365 929 3401 namo
944 3350 974 3401 cl

148 3447 156 3471 ν
428 3433 508 3468 ronise
620 3450 627 3464 .
