2086 3622
427 175 611 217 GEORGlCON‘.

124 304 175 358 Per
187 314 293 365 terram,
305 312 333 359 et
345 322 452 358 summo
464 306 578 373 vestigia
590 304 700 374 pulvere
712 312 838 373 1131191113

126 374 187 427 Post
199 375 287 427 valido
299 377 388 427 nitens
400 374 450 428 sub
462 375 579 443 pondere
592 375 699 442 laginus
709 377 770 427 axis

125 444 264 513 instrepat,
278 453 305 496 et
317 442 423 514 junctos
434 456 507 497 temo
520 444 605 496 trahat
617 460 714 496 aereus
725 443 808 497 orbis.

125 514 230 567 Interea
241 514 305 583 pubi
318 514 464 566 indomitae
476 530 528 565 non
539 514 660 581 gramina
671 522 785 581 tantum,

124 584 184 636 Nec
196 600 291 635 vescas
302 581 415 636 salicum
429 582 536 635 frondes
547 583 693 651 ulvamque
704 582 865 653 palustrem,
935 586 979 637 111

124 653 177 705 Sed
191 652 325 705 frumenta
337 670 418 705 manu
430 669 525 720 carpes
537 662 603 704 sata.
640 653 700 704 Nec
712 652 762 705 tibi
773 651 858 723 fetae,

125 723 203 775 More
215 732 327 790 patmm,
341 722 422 774 nirea
434 721 584 790 implebunt
597 721 750 773 mulctraria
761 738 874 791 vaccae,

124 792 176 845 Sed
190 801 243 843 tota
255 792 283 843 in
295 791 382 843 dulcis
394 800 553 843 consument
565 791 650 844 ubera
661 799 746 843 natos.

158 862 203 913 Sin
216 861 251 913 ad
264 861 335 914 bella
347 862 433 928 magis
444 860 563 912 studium
576 870 731 929 turmaeque
743 860 849 913 ferocis.

124 933 177 983 Aut
191 930 297 999 Alphea
309 932 372 982 rotis
385 930 502 999 praelabi
515 930 628 983 flumina
640 930 726 999 Pisae,
933 932 979 982 100

125 1001 159 1052 Ε1
170 1001 245 1053 Joris
256 999 284 1051 in
296 1000 357 1050 luco
368 1016 462 1052 currus
472 1000 574 1066 agitare
586 999 714 1051 volantis:

124 1070 231 1122 Primus
242 1069 305 1137 equi
319 1068 392 1120 labor
403 1081 443 1121 est
455 1071 559 1121 animos
571 1078 653 1139 atque
664 1085 740 1121 arma
752 1067 847 1121 ridere

124 1138 283 1207 Bellantem,
298 1139 430 1207 lituosque
478 1138 505 1205 ti,
519 1148 659 1207 tractuque
669 1147 830 1207 gementem

124 1208 205 1261 Ferre
218 1217 309 1277 rotam,
323 1218 349 1258 et
363 1209 439 1260 stabu
452 1225 467 1259 ο
480 1208 570 1260 frenos
580 1209 674 1260 audire
686 1208 822 1275 sonantis3

123 1278 193 1330 Turn
207 1279 294 1346 magis
305 1288 387 1346 atque
398 1278 486 1346 magis
497 1277 603 1330 blandis
613 1278 733 1345 gaudere
744 1276 872 1347 magistri
931 1280 977 1330 101

124 1348 268 1417 Laudibus,
283 1358 309 1399 et
322 1347 432 1416 plausae
445 1348 562 1399 sonitum
573 1348 687 1400 cervicis
698 1362 801 1399 amare.

124 1420 213 1486 Atque
226 1417 293 1469 baec
305 1418 361 1485 jam
375 1419 460 1485 primo
471 1416 602 1485 depulsus
612 1417 648 1469 ab
660 1416 744 1469 ubere
755 1416 853 1471 matris

124 1485 239 1555 Audeat,
253 1488 334 1554 inque
348 1487 436 1538 vicem
448 1486 494 1538 det
506 1487 634 1543 rnollibus
644 1502 690 1538 ora
701 1487 828 1555 capistris

124 1555 267 1623 invalidus,
281 1556 417 1623 etiamque
431 1566 555 1623 tremens,
569 1557 653 1608 etiam
666 1556 768 1609 inscius
778 1556 850 1609 aevi.

124 1626 160 1676 At
173 1625 258 1676 tribus
270 1626 373 1676 exactis
384 1625 430 1676 ubi
442 1636 536 1694 quarta
547 1626 692 1677 accesserit
704 1634 803 1695 aestas,
931 1628 978 1677 lm

124 1695 238 1762 Carpere
251 1710 313 1745 rnox
325 1710 421 1762 gyrum
435 1695 543 1763 incipiat
555 1694 736 1764 gradibusque
748 1710 846 1747 sonare

124 1764 291 1831 Compositis,
302 1764 444 1831 sinuetque
457 1764 559 1816 alterna
572 1765 838 1834 191111111111191111111111

124 1833 216 1900 Sitque
229 1832 357 1885 laboranti
370 1834 480 1897 similis;
498 1844 556 1886 turn
569 1833 692 1886 cursibus
702 1850 790 1895 auras,

123 1902 195 1954 Tum
208 1911 292 1971 vocet,
305 1919 339 1953 ac
351 1920 398 1971 per
409 1914 502 1972 aperta
514 1903 614 1971 rolens,
627 1920 678 1956 ceu
690 1903 759 1955 liber
770 1902 898 1959 habenis

123 1975 255 2040 Aequora,
268 1974 314 2024 vix
325 1990 433 2024 summa
447 1974 559 2040 vestigia
572 1982 652 2041 ponat
664 1988 761 2025 arena:
931 1976 977 2025 tao

122 2042 217 2100 Qualis
228 2042 411 2111 Hyperboreis
422 2043 519 2111 Aquilo
531 2060 596 2094 curn
607 2042 708 2095 densus
719 2042 755 2095 ab
765 2041 821 2093 oris

123 2112 255 2180 Incubuit,
269 2111 449 2181 Scythiaeque
461 2112 567 2164 hiemes
577 2121 660 2180 atque
672 2111 746 2164 arida
757 2110 851 2163 differt

122 2182 239 2233 Nubila:
258 2192 316 2233 turn
329 2192 436 2248 segetes
446 2181 518 2233 altae
530 2182 673 2250 campique
686 2189 810 2233 natantes

123 2251 242 2303 Lenibus
254 2249 408 2302 horrescunt
422 2250 519 2317 ssabris,
533 2267 712 2319 summaeque
724 2266 849 2303 sonorem

124 2320 194 2371 Dant
206 2319 298 2387 silrae,
312 2320 438 2388 longique
450 2332 564 2387 urguent
576 2320 610 2371 ad
624 2320 702 2372 litora
713 2319 828 2387 fluctus3
928 2324 977 2373 101

123 2389 172 2441 Π19
184 2389 264 2456 rolat,
277 2390 359 2441 simul
370 2406 434 2440 arva
446 2388 517 2457 luga.
531 2389 612 2441 simul
625 2406 742 2458 aequora
752 2404 866 2443 verrens

123 2458 229 2510 1119191
241 2458 276 2509 ad
290 2458 351 2510 Elei
362 2468 450 2511 rnetas
462 2470 489 2510 et
501 2460 620 2511 maxima
631 2462 722 2527 campi

123 2526 236 2580 Sudabit
248 2530 341 2596 spatia,
355 2537 383 2579 et
395 2545 505 2596 spumas
517 2537 579 2596 aget
591 2544 637 2580 ore
649 2537 790 2597 cruentas;

123 2596 233 2664 Belgica
245 2597 289 2648 vel
301 2596 375 2649 molli
388 2599 486 2650 melius
498 2598 565 2650 leret
578 2599 676 2649 esseda
687 2597 766 2649 collo·

122 2667 193 2719 Tum
205 2666 318 2719 demum
329 2684 419 2718 crassa
431 2684 560 2735 magnum
574 2666 706 2734 farragine
717 2682 816 2735 corpus
929 2672 977 2719 200

123 2737 257 2805 Crescere,
269 2736 326 2805 jam
339 2736 455 2805 domitis,
468 2738 563 2805 sinito;
581 2753 700 2805 namque
712 2746 776 2788 ante
787 2734 957 2791 domandum

122 2807 242 2874 Ingentis
257 2806 349 2859 tollent
361 2809 473 2873 animos,
487 2807 629 2875 prensique
642 2805 780 2873 negabunt

122 2877 239 2928 Verbera
250 2878 324 2929 lenta
336 2877 399 2945 pati,
413 2887 441 2928 et
453 2877 527 2928 duris
539 2893 633 2945 parere
646 2875 754 2943 lupatis.

157 2945 210 2997 Sed
223 2963 273 2997 non
287 2946 342 2998 ulla
355 2947 442 3013 magis
454 2947 524 2997 rires
535 2945 666 2997 industria
679 2945 775 3012 finnat,

122 3013 210 3071 Quam
224 3015 358 3066 Venerem
371 3025 398 3066 et
410 3016 484 3066 caeci
498 3015 622 3067 stimulos
632 3024 755 3066 avertere
767 3012 877 3085 amoris,
928 3018 979 3069 21⁰

123 3083 184 3134 Sire
196 3083 279 3134 bourn
291 3085 349 3134 sire
362 3094 402 3135 est
415 3086 458 3135 cui
470 3085 568 3151 gratier
580 3102 647 3137 usus
658 3100 802 3152 equorum.

123 3156 213 3220 Atque
227 3152 287 3204 ideo
300 3162 390 3204 tauros
401 3153 492 3222 procul
503 3164 586 3223 atque
597 3156 625 3207 iu
637 3153 694 3206 sola
706 3153 828 3220 relegant

122 3223 235 3289 Pascua,
248 3231 306 3291 post
319 3233 437 3276 montem
449 3225 601 3293 oppositum
613 3234 641 3275 91
652 3232 727 3276 trans
737 3222 854 3275 flumina
864 3222 924 3279 lala

83 3362 197 3407 ¹⁷9-eoe.
220 3359 277 3408 'I'be
294 3360 390 3421 rcnring
409 3362 455 3411 and
475 3362 581 3422 traiuing
598 3359 628 3409 ot*
641 3361 899 3415 horsea-mm
923 3364 981 3417 'lb

107 3429 140 3468 ets
155 3419 184 3467 os
197 3419 252 3468 loro
267 3435 299 3467 on
315 3419 424 3470 animala
