2086 3622
417 190 508 229 LIBER
530 192 580 230 vit.

107 320 184 374 More
198 319 272 371 daret
284 317 395 386 populis,
410 327 599 388 sceptrumque
612 335 742 389 sacerque
755 317 835 370 tiaras

107 388 276 455 Iliadumque
288 388 362 440 labor
374 390 479 438 vestes!

141 457 253 509 Talibus
264 457 355 509 Ilionei
368 457 446 508 dictis
458 457 546 508 defixa
558 458 669 509 Latinus

106 527 206 578 Obtutu
220 535 291 577 tenet
304 544 355 594 ora,
370 527 478 594 soloque
491 527 635 578 immobilis
646 526 739 578 haeret
904 529 954 576 250

107 596 224 646 Intentos
236 595 345 647 volvens
357 595 454 646 oculos.
491 595 549 646 Nec
562 610 677 662 purpura
691 612 781 662 regern

106 665 180 716 Picta
193 674 289 733 movet,
303 682 353 716 nec
366 672 470 731 sceptra
482 673 591 716 movent
603 665 735 716 Priameia
748 671 859 731 tanturn,

106 734 241 790 Quantum
255 735 280 784 in
294 733 425 784 connubio
438 742 516 783 natae
530 732 700 800 thalamoque
711 743 827 786 moratur
835 749 843 801 3

107 803 141 854 Et
154 803 253 853 veteris
266 803 350 853 Fauni
364 801 444 852 volvit
457 801 506 853 sub
519 811 624 869 pectore
638 811 751 854 sortem:

106 871 183 922 Hunc
196 870 269 922 illum
283 871 346 921 satis
359 880 467 922 externa
479 871 514 922 ab
527 871 591 921 sede
604 871 752 939 profectum
903 874 954 920 255

106 939 229 991 Ponendi
242 957 378 1007 generum,
393 940 553 1008 paribusque
566 941 592 992 in
605 957 685 1007 regna
698 940 785 992 vocari

106 1009 240 1077 Auspiciis
248 1025 255 1075 ;
274 1009 335 1060 hnic
347 1011 500 1076 progeniem
514 1012 609 1061 virtute
622 1009 738 1061 futuram

107 1077 257 1145 Egregiam,
272 1085 298 1128 et
311 1087 395 1130 totum
408 1095 476 1146 quae
490 1079 587 1130 viribus
599 1087 712 1146 occupet
724 1078 824 1130 orbem.

106 1146 227 1198 Tandem
241 1146 326 1198 laetus
338 1147 390 1198 ait:
412 1148 460 1198 ‘Di
472 1157 559 1198 nostra
572 1149 678 1214 incepta
691 1146 839 1198 secundent

107 1215 310 1283 Auguriumque
324 1215 418 1267 suum!
448 1215 566 1282 Dabitur,
580 1216 700 1283 Troiane,
715 1215 785 1283 quod
797 1223 883 1284 optas.
904 1218 955 1266 260

105 1283 220 1335 Munera
233 1301 283 1334 nec
296 1301 398 1351 sperne.
434 1286 494 1336 Non
506 1285 589 1351 nobie,
605 1301 666 1350 rege
678 1284 780 1353 Latino,

105 1352 202 1403 Divitis
216 1353 281 1404 uber
294 1353 349 1418 agri
362 1352 492 1420 Trojaeve
504 1353 639 1421 opulentia
651 1353 745 1404 deerit.

106 1422 166 1488 lpse
180 1421 260 1473 modo·
270 1424 384 1489 Aeneae,
399 1424 479 1474 nostri
493 1424 514 1473 si
527 1431 600 1473 tanta
613 1421 707 1490 cupido
721 1430 768 1492 est,

106 1490 132 1543 Si
143 1490 217 1558 jungi
231 1490 344 1559 hospitio
356 1500 476 1559 properat
490 1492 629 1559 sociusque
643 1491 738 1560 vocari,

106 1559 247 1627 Adveniet,
262 1560 351 1612 vultus
362 1577 430 1612 neve
444 1560 612 1614 exhorrescat
624 1561 733 1612 amicos.
902 1563 953 1611 265

106 1629 171 1680 Pars
182 1628 248 1682 mihi
261 1630 335 1699 pacis
347 1632 395 1683 etit
409 1631 530 1683 dextram
543 1631 661 1698 tetigisse
674 1629 786 1699 tyranni.

106 1698 160 1750 Vos
173 1708 263 1751 contra
275 1700 328 1767 regi
342 1717 404 1752 mea
416 1717 486 1752 nunc
499 1701 626 1752 mandata
639 1698 744 1752 referte.

107 1767 155 1819 Est
168 1768 234 1820 mihi
247 1777 315 1836 nata,
329 1769 384 1820 viro
396 1770 485 1837 gentis
496 1787 579 1838 quam
590 1769 701 1838 jungere
714 1779 819 1821 nostrae

107 1837 166 1888 Non
180 1839 261 1906 patrio
273 1855 307 1889 ex
320 1838 400 1906 adyto
413 1848 503 1906 sortes,
517 1855 568 1890 non
580 1839 694 1906 plurima
707 1838 782 1889 coelo

107 1905 227 1957 Monstra
239 1907 344 1972 sinuntj
363 1924 476 1973 generos
488 1909 604 1959 externis
615 1906 697 1958 affore
709 1906 744 1958 ab
757 1906 844 1958 oris-
905 1908 956 1957 ato

108 1975 165 2025 Hoc
178 1974 252 2025 Latio
266 1984 505 2042 restare-cauum,
520 1977 565 2044 qui
578 1975 707 2042 sanguine
721 1984 840 2026 nostrum

108 2044 213 2096 Nomen
227 2043 253 2095 in
265 2052 337 2095 aetra
350 2045 443 2095 lerant.
480 2045 556 2096 Hunc
569 2043 645 2096 illum
658 2060 768 2112 poscere
781 2043 837 2095 fata

109 2113 143 2164 Et
157 2128 220 2179 reor,
234 2121 269 2180 et,
283 2112 382 2182 siquid
395 2113 450 2165 veri
464 2131 541 2165 mens
553 2123 671 2179 augurat,
685 2112 766 2181 opto.²

108 2183 183 2233 Haeo
195 2181 294 2234 effatus
306 2198 388 2250 equos
399 2199 509 2234 numero
521 2190 596 2251 pater
609 2182 684 2248 eligit
696 2181 777 2233 omni.

109 2250 219 2304 Stabant
231 2259 271 2303 ter
283 2260 391 2304 centum
405 2252 480 2304 nitidi
493 2252 519 2304 in
533 2252 707 2320 praesepibus
719 2249 788 2302 altis.
905 2253 956 2302 ato

109 2321 240 2373 Omnibus
252 2329 342 2374 extem
363 2320 388 2372 lo
401 2321 511 2374 Teucris
523 2321 597 2389 jubet
611 2321 701 2372 ordine
714 2320 776 2372 duoi

109 2391 236 2443 Instratos
246 2399 316 2443 ostro
327 2337 449 2460 alipedes
460 2391 592 2460 pictisque
605 2390 702 2459 tapetis
709 2406 716 2458 5

109 2462 200 2512 Aurea
211 2459 363 2529 pectoribus
375 2460 493 2513 demissa
505 2460 615 2513 monilia
627 2459 759 2529 pendent;
902 2524 905 2529 .
963 2518 966 2523 ¹

109 2529 185 2582 Tecti
197 2546 269 2598 auro,
283 2529 388 2583 fulvum
400 2530 530 2583 mandunt
542 2530 592 2582 sub
604 2529 730 2582 dentibus
743 2543 838 2581 aurum
846 2543 854 2594 3

110 2598 222 2651 Absenti
234 2601 344 2652 Aeneae
357 2616 464 2653 currum
475 2600 650 2667 geminosque
662 2598 760 2668 jugalis
909 2596 960 2646 280

110 2667 265 2731 Semineab
277 2668 405 2736 aetherio,
419 2669 542 2736 spirantis
554 2668 660 2719 naribus
672 2669 770 2734 ignem,

110 2734 219 2788 Illorum
231 2736 266 2786 de
277 2746 367 2805 gente,
380 2737 445 2806 patri
458 2753 525 2804 quos
536 2735 650 2788 daedala
662 2736 739 2786 Circe
810 2788 813 2792 ,

70 2892 123 2938 253.
138 2888 267 2937 Contrebia.
300 2889 346 2937 Sec
364 2899 386 2937 et
404 2891 537 2937 §to-254.
555 2887 654 2942 Sortem,
668 2902 698 2934 an
710 2884 819 2933 oraculer
836 2897 960 2943 response.

40 2949 90 3021 ssee
101 2951 140 3004 96,
154 2947 299 3017 δια-256,
313 2948 421 3017 ΙΡιιηἸηιε
437 2949 560 3015 crispiciis,
577 2945 692 2993 ordained
702 2947 735 3004 by
746 2945 841 2991 heaven
856 2952 881 2990 to
899 2941 961 2989 have

40 3006 521 3122 illinispf-lbecrawbieiicmsdiiitwff-eidi
535 3000 962 3126 illabiliiiiiiiiiiitesseeensai

40 3124 71 3177 οῖ
76 3140 128 3174 rex.
135 3129 224 3174 -273.
243 3125 344 3174 Latinus
358 3126 415 3173 both
425 3125 508 3172 deems
519 3124 617 3171 Aeneas
626 3132 651 3170 to
660 3124 690 3170 be
699 3122 741 3169 the
751 3121 842 3169 chosen
850 3134 905 3174 one,
916 3116 962 3165 end

40 3199 161 3245 approvee
172 3184 200 3232 of
206 3184 247 3231 the
259 3185 446 3233 choica-277.
465 3184 520 3231 'I'he
532 3182 612 3230 coveri
630 3181 697 3242 geos
708 3182 750 3229 the
762 3182 846 3228 horses
857 3192 922 3225 mere
933 3175 961 3223 ol

40 3244 128 3307 purple
139 3250 219 3299 (ostro)
231 3244 305 3298 eloth,
319 3243 485 3291 embroidered
496 3243 555 3289 with
567 3198 627 3303 gold
635 3243 736 3303 (pictie,·
754 3257 813 3288 curo
824 3239 886 3291 tecti,
899 3237 953 3290 ete)

40 3306 131 3351 -282
150 3302 217 3353 Circe
228 3302 274 3350 had
286 3303 407 3359 obtained,
420 3305 452 3362 by
464 3301 561 3356 scalth,
575 3316 589 3348 a
600 3300 673 3348 breed
684 3299 711 3347 ol
723 3300 808 3346 horsea
819 3296 880 3363 from
891 3293 961 3341 those

41 3358 128 3413 dher
141 3360 220 3413 father
236 3362 277 3409 tlte
293 3362 408 3423 sun-god,
421 3362 556 3422 hyemare
572 3358 600 3407 of
612 3360 699 3407 mortel
715 3373 777 3405 racc.
809 3354 883 3403 Patri
892 3368 958 3415 quoe.

41 3418 267 3534 gleichbgleonging
278 3432 303 3468 to
312 3421 355 3469 her
366 3421 451 3477 lether,
465 3422 584 3482 orforata
593 3420 667 3482 petri.

70 3546 79 3557 “
182 3555 189 3586 t
