<?xml version="1.0" encoding="UTF-8"?>
<!DOCTYPE html PUBLIC "-//W3C//DTD XHTML 1.0 Transitional//EN"
    "http://www.w3.org/TR/xhtml1/DTD/xhtml1-transitional.dtd">
<html xmlns="http://www.w3.org/1999/xhtml" xml:lang="en" lang="en">
 <head>
  <title>
</title>
<meta http-equiv="Content-Type" content="text/html;charset=utf-8" />
  <meta name='ocr-system' content='tesseract 3.04.00' />
  <meta name='ocr-capabilities' content='ocr_page ocr_carea ocr_par ocr_line ocrx_word'/>
</head>
<body>
  <div class='ocr_page' id='page_1' title='image "./carmina00virggoog_0068.png"; bbox 0 0 2078 3622; ppageno 0'>
   <div class='ocr_carea' id='block_1_1' title="bbox 446 158 629 198">
    <p class='ocr_par' dir='ltr' id='par_1_1' title="bbox 446 158 629 198">
     <span class='ocr_line' id='line_1_1' title="bbox 446 158 629 198; baseline -0.016 0"><span class='ocrx_word' id='word_1_1' title='bbox 446 158 629 198; x_wconf 72' lang='lat' dir='ltr'>eucnemon.</span> 
     </span>
    </p>
   </div>
   <div class='ocr_carea' id='block_1_2' title="bbox 258 347 814 534">
    <p class='ocr_par' dir='ltr' id='par_1_2' title="bbox 258 347 814 534">
     <span class='ocr_line' id='line_1_2' title="bbox 440 347 629 400; baseline -0.005 0"><span class='ocrx_word' id='word_1_2' title='bbox 440 347 578 400; x_wconf 86' lang='lat' dir='ltr'>LIBER</span> <span class='ocrx_word' id='word_1_3' title='bbox 603 347 629 399; x_wconf 89' lang='lat' dir='ltr'>I.</span> 
     </span>
     <span class='ocr_line' id='line_1_3' title="bbox 258 483 814 534; baseline -0.002 -1"><span class='ocrx_word' id='word_1_4' title='bbox 258 483 308 533; x_wconf 75' lang='lat' dir='ltr'>AD</span> <span class='ocrx_word' id='word_1_5' title='bbox 324 485 354 534; x_wconf 82' lang='lat' dir='ltr'>G.</span> <span class='ocrx_word' id='word_1_6' title='bbox 371 484 527 533; x_wconf 87' lang='lat' dir='ltr'><strong>CILNIUM</strong></span> <span class='ocrx_word' id='word_1_7' title='bbox 544 483 814 534; x_wconf 81' lang='lat' dir='ltr'>MAECENATEM.</span> 
     </span>
    </p>
   </div>
   <div class='ocr_carea' id='block_1_3' title="bbox 143 612 997 3105">
    <p class='ocr_par' dir='ltr' id='par_1_3' title="bbox 146 612 813 682">
     <span class='ocr_line' id='line_1_4' title="bbox 146 612 813 682; baseline -0.001 -16"><span class='ocrx_word' id='word_1_8' title='bbox 146 612 220 672; x_wconf 82' lang='lat' dir='ltr'>Qum</span> <span class='ocrx_word' id='word_1_9' title='bbox 232 612 313 665; x_wconf 83' lang='lat' dir='ltr'>faciat</span> <span class='ocrx_word' id='word_1_10' title='bbox 325 612 410 666; x_wconf 83' lang='lat' dir='ltr'>laetas</span> <span class='ocrx_word' id='word_1_11' title='bbox 422 622 536 680; x_wconf 77' lang='lat' dir='ltr'>segetes,</span> <span class='ocrx_word' id='word_1_12' title='bbox 550 629 603 682; x_wconf 93' lang='lat' dir='ltr'>quo</span> <span class='ocrx_word' id='word_1_13' title='bbox 615 612 702 666; x_wconf 84' lang='lat' dir='ltr'>sidere</span> <span class='ocrx_word' id='word_1_14' title='bbox 715 623 813 665; x_wconf 88' lang='lat' dir='ltr'>terram</span> 
     </span>
    </p>

    <p class='ocr_par' dir='ltr' id='par_1_4' title="bbox 149 681 813 761">
     <span class='ocr_line' id='line_1_5' title="bbox 149 681 813 761; baseline -0.002 -27"><span class='ocrx_word' id='word_1_15' title='bbox 149 683 265 761; x_wconf 89' lang='lat' dir='ltr'>Vertere,</span> <span class='ocrx_word' id='word_1_16' title='bbox 279 682 433 751; x_wconf 88' lang='lat' dir='ltr'>Maecenas,</span> <span class='ocrx_word' id='word_1_17' title='bbox 446 683 581 750; x_wconf 87' lang='lat' dir='ltr'>ulmisque</span> <span class='ocrx_word' id='word_1_18' title='bbox 592 681 738 751; x_wconf 85' lang='lat' dir='ltr'>adjungere</span> <span class='ocrx_word' id='word_1_19' title='bbox 752 683 813 733; x_wconf 88' lang='lat' dir='ltr'>vitis</span> 
     </span>
    </p>

    <p class='ocr_par' dir='ltr' id='par_1_5' title="bbox 147 749 868 820">
     <span class='ocr_line' id='line_1_6' title="bbox 147 749 868 820; baseline -0.001 -17"><span class='ocrx_word' id='word_1_20' title='bbox 147 752 293 805; x_wconf 80' lang='lat' dir='ltr'>Conveniat</span> <span class='ocrx_word' id='word_1_21' title='bbox 300 767 308 820; x_wconf 79' lang='lat'>3</span> <span class='ocrx_word' id='word_1_22' title='bbox 326 768 396 820; x_wconf 88' lang='lat' dir='ltr'>quae</span> <span class='ocrx_word' id='word_1_23' title='bbox 409 768 473 803; x_wconf 89' lang='lat' dir='ltr'>cura</span> <span class='ocrx_word' id='word_1_24' title='bbox 485 752 573 818; x_wconf 90' lang='lat' dir='ltr'>boum,</span> <span class='ocrx_word' id='word_1_25' title='bbox 587 751 632 819; x_wconf 91' lang='lat' dir='ltr'>qui</span> <span class='ocrx_word' id='word_1_26' title='bbox 644 751 732 803; x_wconf 89' lang='lat' dir='ltr'>cultus</span> <span class='ocrx_word' id='word_1_27' title='bbox 744 749 868 802; x_wconf 87' lang='lat' dir='ltr'>habendo</span> 
     </span>
    </p>

    <p class='ocr_par' dir='ltr' id='par_1_6' title="bbox 146 819 814 890">
     <span class='ocr_line' id='line_1_7' title="bbox 146 819 814 890; baseline -0.001 -18"><span class='ocrx_word' id='word_1_28' title='bbox 146 819 185 872; x_wconf 85' lang='lat' dir='ltr'>Sit</span> <span class='ocrx_word' id='word_1_29' title='bbox 197 820 301 890; x_wconf 72' lang='lat' dir='ltr'>pecori,</span> <span class='ocrx_word' id='word_1_30' title='bbox 319 820 415 889; x_wconf 89' lang='lat' dir='ltr'>apibus</span> <span class='ocrx_word' id='word_1_31' title='bbox 427 829 527 889; x_wconf 91' lang='lat' dir='ltr'>quanta</span> <span class='ocrx_word' id='word_1_32' title='bbox 539 820 701 889; x_wconf 79' lang='lat' dir='ltr'>experientia</span> <span class='ocrx_word' id='word_1_33' title='bbox 714 820 814 888; x_wconf 87' lang='lat' dir='ltr'>parcis:</span> 
     </span>
    </p>

    <p class='ocr_par' dir='ltr' id='par_1_7' title="bbox 146 887 868 1027">
     <span class='ocr_line' id='line_1_8' title="bbox 147 887 868 959; baseline 0 -18"><span class='ocrx_word' id='word_1_34' title='bbox 147 888 216 941; x_wconf 88' lang='lat' dir='ltr'>Hinc</span> <span class='ocrx_word' id='word_1_35' title='bbox 227 906 325 942; x_wconf 79' lang='lat' dir='ltr'>canere</span> <span class='ocrx_word' id='word_1_36' title='bbox 338 889 474 959; x_wconf 89' lang='lat' dir='ltr'>incipiam.</span> <span class='ocrx_word' id='word_1_37' title='bbox 511 889 572 957; x_wconf 85' lang='lat' dir='ltr'>Vos,</span> <span class='ocrx_word' id='word_1_38' title='bbox 586 905 601 940; x_wconf 96' lang='lat' dir='ltr'>o</span> <span class='ocrx_word' id='word_1_39' title='bbox 614 887 761 941; x_wconf 87' lang='lat' dir='ltr'>clarissima</span> <span class='ocrx_word' id='word_1_40' title='bbox 772 889 868 942; x_wconf 90' lang='lat' dir='ltr'>mundi</span> 
     </span>
     <span class='ocr_line' id='line_1_9' title="bbox 146 956 823 1027; baseline 0 -17"><span class='ocrx_word' id='word_1_41' title='bbox 146 958 268 1027; x_wconf 84' lang='lat' dir='ltr'>Lumina,</span> <span class='ocrx_word' id='word_1_42' title='bbox 281 958 418 1011; x_wconf 87' lang='lat' dir='ltr'>labentem</span> <span class='ocrx_word' id='word_1_43' title='bbox 429 957 504 1010; x_wconf 89' lang='lat' dir='ltr'>coelo</span> <span class='ocrx_word' id='word_1_44' title='bbox 516 973 585 1024; x_wconf 89' lang='lat' dir='ltr'>quae</span> <span class='ocrx_word' id='word_1_45' title='bbox 598 956 696 1009; x_wconf 89' lang='lat' dir='ltr'>ducitis</span> <span class='ocrx_word' id='word_1_46' title='bbox 707 974 807 1010; x_wconf 88' lang='lat' dir='ltr'>annum</span> <span class='ocrx_word' id='word_1_47' title='bbox 814 973 823 1027; x_wconf 77' lang='lat'><em>3</em></span> 
     </span>
    </p>

    <p class='ocr_par' dir='ltr' id='par_1_8' title="bbox 147 1026 801 1095">
     <span class='ocr_line' id='line_1_10' title="bbox 147 1026 801 1095; baseline -0.002 -16"><span class='ocrx_word' id='word_1_48' title='bbox 147 1026 227 1081; x_wconf 89' lang='lat' dir='ltr'>Liber</span> <span class='ocrx_word' id='word_1_49' title='bbox 238 1036 265 1080; x_wconf 90' lang='lat' dir='ltr'>et</span> <span class='ocrx_word' id='word_1_50' title='bbox 277 1027 349 1079; x_wconf 91' lang='lat' dir='ltr'>alma</span> <span class='ocrx_word' id='word_1_51' title='bbox 361 1028 449 1095; x_wconf 88' lang='lat' dir='ltr'>Ceres,</span> <span class='ocrx_word' id='word_1_52' title='bbox 464 1039 550 1078; x_wconf 88' lang='lat' dir='ltr'>vestro</span> <span class='ocrx_word' id='word_1_53' title='bbox 562 1026 584 1078; x_wconf 87' lang='lat' dir='ltr'>si</span> <span class='ocrx_word' id='word_1_54' title='bbox 598 1043 708 1079; x_wconf 87' lang='lat' dir='ltr'>munere</span> <span class='ocrx_word' id='word_1_55' title='bbox 721 1026 801 1079; x_wconf 85' lang='lat' dir='ltr'>tellus</span> 
     </span>
    </p>

    <p class='ocr_par' dir='ltr' id='par_1_9' title="bbox 147 1095 763 1175">
     <span class='ocr_line' id='line_1_11' title="bbox 147 1095 763 1175; baseline -0.002 -26"><span class='ocrx_word' id='word_1_56' title='bbox 147 1095 293 1149; x_wconf 87' lang='lat' dir='ltr'>Chaoniam</span> <span class='ocrx_word' id='word_1_57' title='bbox 305 1096 398 1175; x_wconf 86' lang='lat' dir='ltr'>pingui</span> <span class='ocrx_word' id='word_1_58' title='bbox 410 1096 536 1164; x_wconf 83' lang='lat' dir='ltr'>glandem</span> <span class='ocrx_word' id='word_1_59' title='bbox 549 1096 662 1148; x_wconf 88' lang='lat' dir='ltr'>mutavit</span> <span class='ocrx_word' id='word_1_60' title='bbox 675 1096 763 1165; x_wconf 87' lang='lat' dir='ltr'>arista,</span> 
     </span>
    </p>

    <p class='ocr_par' dir='ltr' id='par_1_10' title="bbox 147 1165 776 1235">
     <span class='ocr_line' id='line_1_12' title="bbox 147 1165 776 1235; baseline 0 -18"><span class='ocrx_word' id='word_1_61' title='bbox 147 1166 300 1234; x_wconf 85' lang='lat' dir='ltr'>Poculaque</span> <span class='ocrx_word' id='word_1_62' title='bbox 314 1166 428 1218; x_wconf 82' lang='lat' dir='ltr'>inventis</span> <span class='ocrx_word' id='word_1_63' title='bbox 439 1165 571 1217; x_wconf 82' lang='lat' dir='ltr'>Acheloia</span> <span class='ocrx_word' id='word_1_64' title='bbox 582 1165 690 1218; x_wconf 76' lang='lat' dir='ltr'>miscuit</span> <span class='ocrx_word' id='word_1_65' title='bbox 701 1166 762 1218; x_wconf 85' lang='lat' dir='ltr'>uvis</span> <span class='ocrx_word' id='word_1_66' title='bbox 768 1181 776 1235; x_wconf 85' lang='lat'>;</span> 
     </span>
    </p>

    <p class='ocr_par' dir='ltr' id='par_1_11' title="bbox 147 1234 997 1512">
     <span class='ocr_line' id='line_1_13' title="bbox 149 1234 997 1304; baseline 0.001 -17"><span class='ocrx_word' id='word_1_67' title='bbox 149 1234 183 1287; x_wconf 87' lang='lat' dir='ltr'>Et</span> <span class='ocrx_word' id='word_1_68' title='bbox 195 1251 249 1300; x_wconf 85' lang='lat' dir='ltr'>vos,</span> <span class='ocrx_word' id='word_1_69' title='bbox 263 1245 400 1302; x_wconf 87' lang='lat' dir='ltr'>agrestum</span> <span class='ocrx_word' id='word_1_70' title='bbox 412 1236 563 1304; x_wconf 89' lang='lat' dir='ltr'>praesentia</span> <span class='ocrx_word' id='word_1_71' title='bbox 575 1235 691 1303; x_wconf 90' lang='lat' dir='ltr'>numina,</span> <span class='ocrx_word' id='word_1_72' title='bbox 706 1235 798 1304; x_wconf 82' lang='lat' dir='ltr'>Fauni,</span> <span class='ocrx_word' id='word_1_73' title='bbox 968 1240 997 1290; x_wconf 87' lang='lat'>10</span> 
     </span>
     <span class='ocr_line' id='line_1_14' title="bbox 147 1302 903 1373; baseline 0.001 -16"><span class='ocrx_word' id='word_1_74' title='bbox 147 1303 226 1357; x_wconf 88' lang='lat' dir='ltr'>Ferte</span> <span class='ocrx_word' id='word_1_75' title='bbox 239 1303 320 1357; x_wconf 90' lang='lat' dir='ltr'>simul</span> <span class='ocrx_word' id='word_1_76' title='bbox 332 1304 472 1373; x_wconf 86' lang='lat' dir='ltr'>Faunique</span> <span class='ocrx_word' id='word_1_77' title='bbox 484 1304 583 1372; x_wconf 87' lang='lat' dir='ltr'>pedem</span> <span class='ocrx_word' id='word_1_78' title='bbox 595 1302 768 1373; x_wconf 85' lang='lat' dir='ltr'>Dryadesque</span> <span class='ocrx_word' id='word_1_79' title='bbox 781 1302 903 1372; x_wconf 84' lang='lat' dir='ltr'>puellae:</span> 
     </span>
     <span class='ocr_line' id='line_1_15' title="bbox 147 1372 944 1442; baseline 0.006 -17"><span class='ocrx_word' id='word_1_80' title='bbox 147 1373 262 1426; x_wconf 88' lang='lat' dir='ltr'>Munera</span> <span class='ocrx_word' id='word_1_81' title='bbox 273 1381 361 1426; x_wconf 87' lang='lat' dir='ltr'>vestra</span> <span class='ocrx_word' id='word_1_82' title='bbox 373 1390 448 1426; x_wconf 88' lang='lat' dir='ltr'>cano.</span> <span class='ocrx_word' id='word_1_83' title='bbox 484 1374 578 1442; x_wconf 89' lang='lat' dir='ltr'>Tuque</span> <span class='ocrx_word' id='word_1_84' title='bbox 591 1389 614 1442; x_wconf 94' lang='lat' dir='ltr'>o,</span> <span class='ocrx_word' id='word_1_85' title='bbox 627 1372 672 1425; x_wconf 90' lang='lat' dir='ltr'>cui</span> <span class='ocrx_word' id='word_1_86' title='bbox 683 1373 768 1441; x_wconf 90' lang='lat' dir='ltr'>prima</span> <span class='ocrx_word' id='word_1_87' title='bbox 779 1374 944 1430; x_wconf 82' lang='lat' dir='ltr'>frementem</span> 
     </span>
     <span class='ocr_line' id='line_1_16' title="bbox 147 1441 805 1512; baseline -0.003 -18"><span class='ocrx_word' id='word_1_88' title='bbox 147 1441 224 1495; x_wconf 88' lang='lat' dir='ltr'>Fudit</span> <span class='ocrx_word' id='word_1_89' title='bbox 238 1459 339 1512; x_wconf 92' lang='lat' dir='ltr'>equum</span> <span class='ocrx_word' id='word_1_90' title='bbox 352 1459 449 1511; x_wconf 89' lang='lat' dir='ltr'>magno</span> <span class='ocrx_word' id='word_1_91' title='bbox 460 1442 540 1496; x_wconf 87' lang='lat' dir='ltr'>tellus</span> <span class='ocrx_word' id='word_1_92' title='bbox 552 1459 678 1511; x_wconf 87' lang='lat' dir='ltr'>percussa</span> <span class='ocrx_word' id='word_1_93' title='bbox 691 1442 805 1511; x_wconf 78' lang='lat' dir='ltr'>tridenti,</span> 
     </span>
    </p>

    <p class='ocr_par' dir='ltr' id='par_1_12' title="bbox 146 1511 851 1580">
     <span class='ocr_line' id='line_1_17' title="bbox 146 1511 851 1580; baseline 0.001 -17"><span class='ocrx_word' id='word_1_94' title='bbox 146 1511 289 1579; x_wconf 75' lang='lat' dir='ltr'>Neptune,</span> <span class='ocrx_word' id='word_1_95' title='bbox 308 1520 334 1563; x_wconf 89' lang='lat' dir='ltr'>et</span> <span class='ocrx_word' id='word_1_96' title='bbox 347 1512 431 1565; x_wconf 87' lang='lat' dir='ltr'>cultor</span> <span class='ocrx_word' id='word_1_97' title='bbox 442 1528 590 1576; x_wconf 87' lang='lat' dir='ltr'>nemorum,</span> <span class='ocrx_word' id='word_1_98' title='bbox 603 1511 646 1563; x_wconf 90' lang='lat' dir='ltr'>cui</span> <span class='ocrx_word' id='word_1_99' title='bbox 658 1511 767 1580; x_wconf 87' lang='lat' dir='ltr'>pinguia</span> <span class='ocrx_word' id='word_1_100' title='bbox 778 1512 851 1564; x_wconf 86' lang='lat' dir='ltr'>Ceae</span> 
     </span>
    </p>

    <p class='ocr_par' dir='ltr' id='par_1_13' title="bbox 146 1579 995 1720">
     <span class='ocr_line' id='line_1_18' title="bbox 147 1579 995 1649; baseline 0.001 -18"><span class='ocrx_word' id='word_1_101' title='bbox 147 1580 200 1631; x_wconf 92' lang='lat' dir='ltr'>Ter</span> <span class='ocrx_word' id='word_1_102' title='bbox 211 1589 321 1632; x_wconf 88' lang='lat' dir='ltr'>centum</span> <span class='ocrx_word' id='word_1_103' title='bbox 332 1581 404 1634; x_wconf 90' lang='lat' dir='ltr'>nivei</span> <span class='ocrx_word' id='word_1_104' title='bbox 418 1580 527 1633; x_wconf 89' lang='lat' dir='ltr'>tondent</span> <span class='ocrx_word' id='word_1_105' title='bbox 539 1580 649 1632; x_wconf 87' lang='lat' dir='ltr'>dumeta</span> <span class='ocrx_word' id='word_1_106' title='bbox 665 1579 772 1648; x_wconf 86' lang='lat' dir='ltr'>juvenci</span> <span class='ocrx_word' id='word_1_107' title='bbox 779 1596 788 1649; x_wconf 77' lang='lat'>3</span> <span class='ocrx_word' id='word_1_108' title='bbox 966 1588 995 1638; x_wconf 87' lang='lat'>15</span> 
     </span>
     <span class='ocr_line' id='line_1_19' title="bbox 146 1649 848 1720; baseline 0.001 -19"><span class='ocrx_word' id='word_1_109' title='bbox 146 1649 208 1716; x_wconf 90' lang='lat' dir='ltr'>lpse</span> <span class='ocrx_word' id='word_1_110' title='bbox 220 1665 318 1701; x_wconf 90' lang='lat' dir='ltr'>nemus</span> <span class='ocrx_word' id='word_1_111' title='bbox 330 1650 453 1718; x_wconf 89' lang='lat' dir='ltr'>linquens</span> <span class='ocrx_word' id='word_1_112' title='bbox 465 1650 581 1718; x_wconf 89' lang='lat' dir='ltr'>patrium</span> <span class='ocrx_word' id='word_1_113' title='bbox 593 1649 728 1719; x_wconf 84' lang='lat' dir='ltr'>saltusque</span> <span class='ocrx_word' id='word_1_114' title='bbox 742 1651 848 1720; x_wconf 87' lang='lat' dir='ltr'>Lycaei,</span> 
     </span>
    </p>

    <p class='ocr_par' dir='ltr' id='par_1_14' title="bbox 146 1717 820 1789">
     <span class='ocr_line' id='line_1_20' title="bbox 146 1717 820 1789; baseline 0.001 -20"><span class='ocrx_word' id='word_1_115' title='bbox 146 1718 210 1786; x_wconf 91' lang='lat' dir='ltr'>Pan,</span> <span class='ocrx_word' id='word_1_116' title='bbox 223 1717 316 1770; x_wconf 90' lang='lat' dir='ltr'>ovium</span> <span class='ocrx_word' id='word_1_117' title='bbox 328 1730 425 1786; x_wconf 90' lang='lat' dir='ltr'>custos,</span> <span class='ocrx_word' id='word_1_118' title='bbox 439 1727 485 1771; x_wconf 88' lang='lat' dir='ltr'>tua</span> <span class='ocrx_word' id='word_1_119' title='bbox 498 1719 520 1770; x_wconf 86' lang='lat' dir='ltr'>si</span> <span class='ocrx_word' id='word_1_120' title='bbox 532 1718 581 1770; x_wconf 92' lang='lat' dir='ltr'>tibi</span> <span class='ocrx_word' id='word_1_121' title='bbox 593 1719 720 1771; x_wconf 88' lang='lat' dir='ltr'>Maenala</span> <span class='ocrx_word' id='word_1_122' title='bbox 732 1736 820 1789; x_wconf 89' lang='lat' dir='ltr'>curae,</span> 
     </span>
    </p>

    <p class='ocr_par' dir='ltr' id='par_1_15' title="bbox 147 1785 816 1856">
     <span class='ocr_line' id='line_1_21' title="bbox 147 1785 816 1856; baseline 0.004 -18"><span class='ocrx_word' id='word_1_123' title='bbox 147 1785 235 1855; x_wconf 83' lang='lat' dir='ltr'>Adsis,</span> <span class='ocrx_word' id='word_1_124' title='bbox 249 1803 264 1838; x_wconf 94' lang='grc' dir='ltr'><strong>ο</strong></span> <span class='ocrx_word' id='word_1_125' title='bbox 277 1788 409 1856; x_wconf 84' lang='lat' dir='ltr'>Tegeaee,</span> <span class='ocrx_word' id='word_1_126' title='bbox 422 1787 531 1856; x_wconf 72' lang='lat' dir='ltr'>favens,</span> <span class='ocrx_word' id='word_1_127' title='bbox 549 1787 679 1856; x_wconf 88' lang='lat' dir='ltr'>oleaeque</span> <span class='ocrx_word' id='word_1_128' title='bbox 691 1788 816 1841; x_wconf 88' lang='lat' dir='ltr'>Minerva</span> 
     </span>
    </p>

    <p class='ocr_par' dir='ltr' id='par_1_16' title="bbox 147 1857 803 1926">
     <span class='ocr_line' id='line_1_22' title="bbox 147 1857 803 1926; baseline 0.002 -17"><span class='ocrx_word' id='word_1_129' title='bbox 147 1857 283 1909; x_wconf 86' lang='lat' dir='ltr'>Inventrix</span> <span class='ocrx_word' id='word_1_130' title='bbox 291 1872 298 1923; x_wconf 67' lang='grc' dir='ltr'><strong><em>ς</em></strong></span> <span class='ocrx_word' id='word_1_131' title='bbox 318 1857 439 1925; x_wconf 87' lang='lat' dir='ltr'>uncique,</span> <span class='ocrx_word' id='word_1_132' title='bbox 453 1873 526 1926; x_wconf 86' lang='lat' dir='ltr'>puer,</span> <span class='ocrx_word' id='word_1_133' title='bbox 539 1865 697 1910; x_wconf 88' lang='lat' dir='ltr'>monstrator</span> <span class='ocrx_word' id='word_1_134' title='bbox 708 1857 803 1925; x_wconf 75' lang='lat' dir='ltr'>aratri,</span> 
     </span>
    </p>

    <p class='ocr_par' dir='ltr' id='par_1_17' title="bbox 146 1925 993 2134">
     <span class='ocr_line' id='line_1_23' title="bbox 147 1925 993 1996; baseline 0.006 -18"><span class='ocrx_word' id='word_1_135' title='bbox 147 1925 182 1978; x_wconf 88' lang='lat' dir='ltr'>Et</span> <span class='ocrx_word' id='word_1_136' title='bbox 195 1934 316 1977; x_wconf 87' lang='lat' dir='ltr'>teneram</span> <span class='ocrx_word' id='word_1_137' title='bbox 327 1925 363 1979; x_wconf 88' lang='lat' dir='ltr'>ab</span> <span class='ocrx_word' id='word_1_138' title='bbox 376 1925 465 1978; x_wconf 86' lang='lat' dir='ltr'>radice</span> <span class='ocrx_word' id='word_1_139' title='bbox 478 1925 574 1993; x_wconf 86' lang='lat' dir='ltr'>ferens,</span> <span class='ocrx_word' id='word_1_140' title='bbox 588 1926 702 1995; x_wconf 82' lang='lat' dir='ltr'>Silvane,</span> <span class='ocrx_word' id='word_1_141' title='bbox 715 1943 889 1996; x_wconf 80' lang='lat' dir='ltr'>cupressum3</span> <span class='ocrx_word' id='word_1_142' title='bbox 961 1934 993 1982; x_wconf 82' lang='lat'>2⁰</span> 
     </span>
     <span class='ocr_line' id='line_1_24' title="bbox 147 1993 889 2073; baseline 0.003 -26"><span class='ocrx_word' id='word_1_143' title='bbox 147 1995 234 2073; x_wconf 84' lang='lat' dir='ltr'>quue</span> <span class='ocrx_word' id='word_1_144' title='bbox 246 1993 368 2063; x_wconf 88' lang='lat' dir='ltr'>deaeque</span> <span class='ocrx_word' id='word_1_145' title='bbox 380 2012 481 2064; x_wconf 89' lang='lat' dir='ltr'>omnes,</span> <span class='ocrx_word' id='word_1_146' title='bbox 495 1994 615 2048; x_wconf 89' lang='lat' dir='ltr'>studium</span> <span class='ocrx_word' id='word_1_147' title='bbox 626 1995 724 2063; x_wconf 91' lang='lat' dir='ltr'>quibus</span> <span class='ocrx_word' id='word_1_148' title='bbox 738 2012 801 2048; x_wconf 89' lang='lat' dir='ltr'>arva</span> <span class='ocrx_word' id='word_1_149' title='bbox 812 1998 889 2069; x_wconf 87' lang='lat' dir='ltr'>tueri,</span> 
     </span>
     <span class='ocr_line' id='line_1_25' title="bbox 146 2063 788 2134; baseline 0.002 -17"><span class='ocrx_word' id='word_1_150' title='bbox 146 2063 250 2133; x_wconf 78' lang='lat' dir='ltr'>Quique</span> <span class='ocrx_word' id='word_1_151' title='bbox 263 2079 345 2117; x_wconf 87' lang='lat' dir='ltr'>novas</span> <span class='ocrx_word' id='word_1_152' title='bbox 356 2064 427 2117; x_wconf 89' lang='lat' dir='ltr'>alitis</span> <span class='ocrx_word' id='word_1_153' title='bbox 438 2081 490 2117; x_wconf 94' lang='lat' dir='ltr'>uon</span> <span class='ocrx_word' id='word_1_154' title='bbox 503 2064 557 2118; x_wconf 91' lang='lat' dir='ltr'>ullo</span> <span class='ocrx_word' id='word_1_155' title='bbox 569 2065 672 2117; x_wconf 89' lang='lat' dir='ltr'>semine</span> <span class='ocrx_word' id='word_1_156' title='bbox 683 2063 774 2132; x_wconf 85' lang='lat' dir='ltr'>fruges</span> <span class='ocrx_word' id='word_1_157' title='bbox 780 2081 788 2134; x_wconf 76' lang='lat'><em>3</em></span> 
     </span>
    </p>

    <p class='ocr_par' dir='ltr' id='par_1_18' title="bbox 145 2133 820 2202">
     <span class='ocr_line' id='line_1_26' title="bbox 145 2133 820 2202; baseline 0.001 -16"><span class='ocrx_word' id='word_1_158' title='bbox 145 2133 250 2202; x_wconf 82' lang='lat' dir='ltr'>Quique</span> <span class='ocrx_word' id='word_1_159' title='bbox 264 2133 328 2196; x_wconf 81' lang='lat' dir='ltr'>satis</span> <span class='ocrx_word' id='word_1_160' title='bbox 339 2133 443 2202; x_wconf 83' lang='lat' dir='ltr'>largum</span> <span class='ocrx_word' id='word_1_161' title='bbox 454 2135 528 2186; x_wconf 90' lang='lat' dir='ltr'>coelo</span> <span class='ocrx_word' id='word_1_162' title='bbox 540 2134 680 2187; x_wconf 80' lang='lat' dir='ltr'>demittitis</span> <span class='ocrx_word' id='word_1_163' title='bbox 691 2134 820 2188; x_wconf 88' lang='lat' dir='ltr'>imbrem:</span> 
     </span>
    </p>

    <p class='ocr_par' dir='ltr' id='par_1_19' title="bbox 145 2202 993 2479">
     <span class='ocr_line' id='line_1_27' title="bbox 145 2202 903 2272; baseline 0.007 -18"><span class='ocrx_word' id='word_1_164' title='bbox 145 2203 240 2270; x_wconf 89' lang='lat' dir='ltr'>Tuque</span> <span class='ocrx_word' id='word_1_165' title='bbox 252 2202 328 2272; x_wconf 87' lang='lat' dir='ltr'>adeo,</span> <span class='ocrx_word' id='word_1_166' title='bbox 342 2220 423 2271; x_wconf 91' lang='lat' dir='ltr'>quem</span> <span class='ocrx_word' id='word_1_167' title='bbox 436 2219 498 2256; x_wconf 88' lang='lat' dir='ltr'>mox</span> <span class='ocrx_word' id='word_1_168' title='bbox 510 2220 580 2272; x_wconf 88' lang='lat' dir='ltr'>quse</span> <span class='ocrx_word' id='word_1_169' title='bbox 593 2204 644 2256; x_wconf 89' lang='lat' dir='ltr'>sint</span> <span class='ocrx_word' id='word_1_170' title='bbox 656 2203 779 2257; x_wconf 90' lang='lat' dir='ltr'>habitura</span> <span class='ocrx_word' id='word_1_171' title='bbox 790 2203 903 2258; x_wconf 90' lang='lat' dir='ltr'>deorum</span> 
     </span>
     <span class='ocr_line' id='line_1_28' title="bbox 146 2271 993 2345; baseline 0.006 -23"><span class='ocrx_word' id='word_1_172' title='bbox 146 2271 271 2339; x_wconf 77' lang='lat' dir='ltr'>Consilia,</span> <span class='ocrx_word' id='word_1_173' title='bbox 286 2271 418 2325; x_wconf 90' lang='lat' dir='ltr'>incertum</span> <span class='ocrx_word' id='word_1_174' title='bbox 430 2280 488 2340; x_wconf 69' lang='lat' dir='ltr'>est,</span> <span class='ocrx_word' id='word_1_175' title='bbox 506 2272 615 2325; x_wconf 78' lang='lat' dir='ltr'>urbisne</span> <span class='ocrx_word' id='word_1_176' title='bbox 627 2272 750 2342; x_wconf 81' lang='lat' dir='ltr'>invisere,</span> <span class='ocrx_word' id='word_1_177' title='bbox 764 2273 870 2345; x_wconf 87' lang='lat' dir='ltr'>Caesar,</span> <span class='ocrx_word' id='word_1_178' title='bbox 962 2279 993 2327; x_wconf 83' lang='lat'>25</span> 
     </span>
     <span class='ocr_line' id='line_1_29' title="bbox 145 2340 838 2408; baseline 0.006 -18"><span class='ocrx_word' id='word_1_179' title='bbox 145 2340 339 2408; x_wconf 86' lang='lat' dir='ltr'>Terrarumque</span> <span class='ocrx_word' id='word_1_180' title='bbox 351 2340 419 2393; x_wconf 85' lang='lat' dir='ltr'>velis</span> <span class='ocrx_word' id='word_1_181' title='bbox 430 2357 531 2405; x_wconf 89' lang='lat' dir='ltr'>curam,</span> <span class='ocrx_word' id='word_1_182' title='bbox 545 2349 572 2392; x_wconf 91' lang='lat' dir='ltr'>et</span> <span class='ocrx_word' id='word_1_183' title='bbox 584 2348 610 2392; x_wconf 89' lang='lat' dir='ltr'>te</span> <span class='ocrx_word' id='word_1_184' title='bbox 622 2343 756 2394; x_wconf 90' lang='lat' dir='ltr'>maximus</span> <span class='ocrx_word' id='word_1_185' title='bbox 767 2341 838 2395; x_wconf 89' lang='lat' dir='ltr'>orbis</span> 
     </span>
     <span class='ocr_line' id='line_1_30' title="bbox 145 2408 814 2479; baseline 0.007 -20"><span class='ocrx_word' id='word_1_186' title='bbox 145 2410 290 2460; x_wconf 85' lang='lat' dir='ltr'>Auctorem</span> <span class='ocrx_word' id='word_1_187' title='bbox 302 2408 410 2477; x_wconf 83' lang='lat' dir='ltr'>frugum</span> <span class='ocrx_word' id='word_1_188' title='bbox 420 2417 666 2479; x_wconf 82' lang='lat' dir='ltr'>tempestatumque</span> <span class='ocrx_word' id='word_1_189' title='bbox 677 2419 814 2479; x_wconf 90' lang='lat' dir='ltr'>potentem</span> 
     </span>
    </p>

    <p class='ocr_par' dir='ltr' id='par_1_20' title="bbox 145 2477 776 2549">
     <span class='ocr_line' id='line_1_31' title="bbox 145 2477 776 2549; baseline 0.006 -21"><span class='ocrx_word' id='word_1_190' title='bbox 145 2477 276 2546; x_wconf 85' lang='lat' dir='ltr'>Accipiat,</span> <span class='ocrx_word' id='word_1_191' title='bbox 290 2478 399 2546; x_wconf 88' lang='lat' dir='ltr'>cingens</span> <span class='ocrx_word' id='word_1_192' title='bbox 410 2487 532 2530; x_wconf 88' lang='lat' dir='ltr'>materna</span> <span class='ocrx_word' id='word_1_193' title='bbox 544 2487 664 2548; x_wconf 91' lang='lat' dir='ltr'>tempora</span> <span class='ocrx_word' id='word_1_194' title='bbox 675 2488 776 2549; x_wconf 72' lang='lat' dir='ltr'>myrto,</span> 
     </span>
    </p>

    <p class='ocr_par' dir='ltr' id='par_1_21' title="bbox 145 2547 825 2617">
     <span class='ocr_line' id='line_1_32' title="bbox 145 2547 825 2617; baseline 0.006 -19"><span class='ocrx_word' id='word_1_195' title='bbox 145 2550 187 2598; x_wconf 90' lang='lat' dir='ltr'>An</span> <span class='ocrx_word' id='word_1_196' title='bbox 200 2547 267 2599; x_wconf 88' lang='lat' dir='ltr'>deus</span> <span class='ocrx_word' id='word_1_197' title='bbox 279 2547 405 2600; x_wconf 90' lang='lat' dir='ltr'>immensi</span> <span class='ocrx_word' id='word_1_198' title='bbox 417 2547 511 2599; x_wconf 81' lang='lat' dir='ltr'>veniae</span> <span class='ocrx_word' id='word_1_199' title='bbox 522 2548 612 2617; x_wconf 89' lang='lat' dir='ltr'>maris,</span> <span class='ocrx_word' id='word_1_200' title='bbox 625 2565 657 2600; x_wconf 90' lang='lat' dir='ltr'>ac</span> <span class='ocrx_word' id='word_1_201' title='bbox 670 2558 716 2602; x_wconf 89' lang='lat' dir='ltr'>tua</span> <span class='ocrx_word' id='word_1_202' title='bbox 727 2557 825 2603; x_wconf 87' lang='lat' dir='ltr'>nautae</span> 
     </span>
    </p>

    <p class='ocr_par' dir='ltr' id='par_1_22' title="bbox 144 2615 993 2759">
     <span class='ocr_line' id='line_1_33' title="bbox 145 2615 993 2689; baseline 0.008 -22"><span class='ocrx_word' id='word_1_203' title='bbox 145 2615 264 2668; x_wconf 87' lang='lat' dir='ltr'>Numina</span> <span class='ocrx_word' id='word_1_204' title='bbox 277 2616 333 2668; x_wconf 86' lang='lat' dir='ltr'>sola</span> <span class='ocrx_word' id='word_1_205' title='bbox 344 2616 439 2683; x_wconf 87' lang='lat' dir='ltr'>colant,</span> <span class='ocrx_word' id='word_1_206' title='bbox 454 2616 502 2669; x_wconf 92' lang='lat' dir='ltr'>tibi</span> <span class='ocrx_word' id='word_1_207' title='bbox 514 2617 611 2669; x_wconf 88' lang='lat' dir='ltr'>serviat</span> <span class='ocrx_word' id='word_1_208' title='bbox 622 2617 718 2671; x_wconf 88' lang='lat' dir='ltr'>ultima</span> <span class='ocrx_word' id='word_1_209' title='bbox 729 2619 824 2689; x_wconf 91' lang='lat' dir='ltr'>Thule,</span> <span class='ocrx_word' id='word_1_210' title='bbox 961 2626 993 2674; x_wconf 84' lang='lat'>³0</span> 
     </span>
     <span class='ocr_line' id='line_1_34' title="bbox 144 2685 889 2759; baseline 0.009 -24"><span class='ocrx_word' id='word_1_211' title='bbox 144 2685 237 2753; x_wconf 92' lang='lat' dir='ltr'>Teque</span> <span class='ocrx_word' id='word_1_212' title='bbox 251 2685 301 2738; x_wconf 89' lang='lat' dir='ltr'>sibi</span> <span class='ocrx_word' id='word_1_213' title='bbox 312 2702 442 2753; x_wconf 84' lang='lat' dir='ltr'>generum</span> <span class='ocrx_word' id='word_1_214' title='bbox 455 2685 558 2755; x_wconf 86' lang='lat' dir='ltr'>Tethys</span> <span class='ocrx_word' id='word_1_215' title='bbox 570 2694 643 2738; x_wconf 89' lang='lat' dir='ltr'>emat</span> <span class='ocrx_word' id='word_1_216' title='bbox 654 2687 780 2740; x_wconf 86' lang='lat' dir='ltr'>omnibus</span> <span class='ocrx_word' id='word_1_217' title='bbox 791 2689 889 2759; x_wconf 79' lang='lat' dir='ltr'>undie3</span> 
     </span>
    </p>

    <p class='ocr_par' dir='ltr' id='par_1_23' title="bbox 144 2754 805 2826">
     <span class='ocr_line' id='line_1_35' title="bbox 144 2754 805 2826; baseline 0.005 -20"><span class='ocrx_word' id='word_1_218' title='bbox 144 2756 222 2807; x_wconf 82' lang='lat' dir='ltr'>Anne</span> <span class='ocrx_word' id='word_1_219' title='bbox 234 2772 332 2807; x_wconf 86' lang='lat' dir='ltr'>novum</span> <span class='ocrx_word' id='word_1_220' title='bbox 346 2755 427 2808; x_wconf 89' lang='lat' dir='ltr'>tardis</span> <span class='ocrx_word' id='word_1_221' title='bbox 438 2754 513 2808; x_wconf 85' lang='lat' dir='ltr'>sidus</span> <span class='ocrx_word' id='word_1_222' title='bbox 525 2768 551 2808; x_wconf 89' lang='lat' dir='ltr'>te</span> <span class='ocrx_word' id='word_1_223' title='bbox 563 2755 701 2809; x_wconf 89' lang='lat' dir='ltr'>mensibus</span> <span class='ocrx_word' id='word_1_224' title='bbox 712 2755 805 2826; x_wconf 88' lang='lat' dir='ltr'>addas,</span> 
     </span>
    </p>

    <p class='ocr_par' dir='ltr' id='par_1_24' title="bbox 145 2822 825 2894">
     <span class='ocr_line' id='line_1_36' title="bbox 145 2822 825 2894; baseline 0.006 -19"><span class='ocrx_word' id='word_1_225' title='bbox 145 2823 204 2882; x_wconf 84' lang='lat' dir='ltr'>Qua</span> <span class='ocrx_word' id='word_1_226' title='bbox 216 2822 290 2877; x_wconf 87' lang='lat' dir='ltr'>locus</span> <span class='ocrx_word' id='word_1_227' title='bbox 302 2824 434 2893; x_wconf 84' lang='lat' dir='ltr'>Erigonen</span> <span class='ocrx_word' id='word_1_228' title='bbox 446 2825 513 2878; x_wconf 89' lang='lat' dir='ltr'>inter</span> <span class='ocrx_word' id='word_1_229' title='bbox 526 2824 676 2894; x_wconf 86' lang='lat' dir='ltr'>Chelasque</span> <span class='ocrx_word' id='word_1_230' title='bbox 688 2828 825 2894; x_wconf 91' lang='lat' dir='ltr'>sequentis</span> 
     </span>
    </p>

    <p class='ocr_par' dir='ltr' id='par_1_25' title="bbox 145 2892 871 2963">
     <span class='ocr_line' id='line_1_37' title="bbox 145 2892 871 2963; baseline 0.01 -20"><span class='ocrx_word' id='word_1_231' title='bbox 145 2892 272 2946; x_wconf 90' lang='lat' dir='ltr'>Panditur</span> <span class='ocrx_word' id='word_1_232' title='bbox 279 2911 287 2963; x_wconf 75' lang='lat'>5</span> <span class='ocrx_word' id='word_1_233' title='bbox 307 2895 363 2963; x_wconf 88' lang='lat' dir='ltr'>ipse</span> <span class='ocrx_word' id='word_1_234' title='bbox 376 2894 426 2948; x_wconf 89' lang='lat' dir='ltr'>tibi</span> <span class='ocrx_word' id='word_1_235' title='bbox 442 2894 498 2963; x_wconf 88' lang='lat' dir='ltr'>jam</span> <span class='ocrx_word' id='word_1_236' title='bbox 510 2895 620 2949; x_wconf 87' lang='lat' dir='ltr'>brachia</span> <span class='ocrx_word' id='word_1_237' title='bbox 632 2895 762 2949; x_wconf 86' lang='lat' dir='ltr'>contrahit</span> <span class='ocrx_word' id='word_1_238' title='bbox 773 2897 871 2950; x_wconf 87' lang='lat' dir='ltr'>ardens</span> 
     </span>
    </p>

    <p class='ocr_par' dir='ltr' id='par_1_26' title="bbox 143 2961 992 3105">
     <span class='ocr_line' id='line_1_38' title="bbox 144 2961 992 3034; baseline 0.008 -22"><span class='ocrx_word' id='word_1_239' title='bbox 144 2961 206 3012; x_wconf 87' lang='lat' dir='ltr'>Scor</span> <span class='ocrx_word' id='word_1_240' title='bbox 226 2961 271 3028; x_wconf 91' lang='lat' dir='ltr'>ios,</span> <span class='ocrx_word' id='word_1_241' title='bbox 285 2972 312 3014; x_wconf 89' lang='lat' dir='ltr'>et</span> <span class='ocrx_word' id='word_1_242' title='bbox 324 2963 385 3016; x_wconf 85' lang='lat' dir='ltr'>coeli</span> <span class='ocrx_word' id='word_1_243' title='bbox 401 2963 473 3032; x_wconf 88' lang='lat' dir='ltr'>justa</span> <span class='ocrx_word' id='word_1_244' title='bbox 484 2965 545 3033; x_wconf 90' lang='lat' dir='ltr'>plus</span> <span class='ocrx_word' id='word_1_245' title='bbox 557 2972 632 3034; x_wconf 88' lang='lat' dir='ltr'>parte</span> <span class='ocrx_word' id='word_1_246' title='bbox 644 2964 766 3034; x_wconf 89' lang='lat' dir='ltr'>reliquit:</span> <span class='ocrx_word' id='word_1_247' title='bbox 961 2970 992 3019; x_wconf 80' lang='lat'>35</span> 
     </span>
     <span class='ocr_line' id='line_1_39' title="bbox 143 3029 898 3105; baseline 0.007 -23"><span class='ocrx_word' id='word_1_248' title='bbox 143 3029 195 3088; x_wconf 82' lang='lat' dir='ltr'>Qui</span> <span class='ocrx_word' id='word_1_249' title='bbox 214 3029 279 3098; x_wconf 91' lang='lat' dir='ltr'>quid</span> <span class='ocrx_word' id='word_1_250' title='bbox 291 3033 442 3084; x_wconf 84' lang='lat' dir='ltr'>eris-nam</span> <span class='ocrx_word' id='word_1_251' title='bbox 455 3041 481 3085; x_wconf 89' lang='lat' dir='ltr'>te</span> <span class='ocrx_word' id='word_1_252' title='bbox 493 3050 544 3086; x_wconf 88' lang='lat' dir='ltr'>nec</span> <span class='ocrx_word' id='word_1_253' title='bbox 556 3043 664 3102; x_wconf 89' lang='lat' dir='ltr'>sperant</span> <span class='ocrx_word' id='word_1_254' title='bbox 676 3035 785 3087; x_wconf 89' lang='lat' dir='ltr'>Tartara</span> <span class='ocrx_word' id='word_1_255' title='bbox 798 3050 898 3105; x_wconf 86' lang='lat' dir='ltr'>regem,</span> 
     </span>
    </p>
   </div>
   <div class='ocr_carea' id='block_1_4' title="bbox 72 3160 991 3461">
    <p class='ocr_par' dir='ltr' id='par_1_27' title="bbox 72 3160 991 3461">
     <span class='ocr_line' id='line_1_40' title="bbox 104 3160 990 3230; baseline 0.008 -21"><span class='ocrx_word' id='word_1_256' title='bbox 104 3165 155 3209; x_wconf 88' lang='grc'><strong>1-5.</strong></span> <span class='ocrx_word' id='word_1_257' title='bbox 173 3160 347 3230; x_wconf 71' lang='lat' dir='ltr'>introduction.</span> <span class='ocrx_word' id='word_1_258' title='bbox 361 3163 453 3224; x_wconf 84' lang='lat' dir='ltr'>stuting</span> <span class='ocrx_word' id='word_1_259' title='bbox 463 3164 504 3211; x_wconf 89' lang='lat' dir='ltr'>the</span> <span class='ocrx_word' id='word_1_260' title='bbox 521 3165 601 3224; x_wconf 86' lang='lat' dir='ltr'>object</span> <span class='ocrx_word' id='word_1_261' title='bbox 618 3165 646 3212; x_wconf 86' lang='lat' dir='ltr'>of</span> <span class='ocrx_word' id='word_1_262' title='bbox 658 3165 699 3212; x_wconf 91' lang='lat' dir='ltr'>the</span> <span class='ocrx_word' id='word_1_263' title='bbox 711 3163 791 3212; x_wconf 90' lang='lat' dir='ltr'>whole</span> <span class='ocrx_word' id='word_1_264' title='bbox 803 3166 990 3216; x_wconf 59' lang='lat' dir='ltr'>work-542.</span> 
     </span>
     <span class='ocr_line' id='line_1_41' title="bbox 73 3218 991 3283; baseline 0.008 -15"><span class='ocrx_word' id='word_1_265' title='bbox 73 3218 214 3268; x_wconf 86' lang='lat' dir='ltr'>luvocatron</span> <span class='ocrx_word' id='word_1_266' title='bbox 224 3232 249 3268; x_wconf 91' lang='lat' dir='ltr'>to</span> <span class='ocrx_word' id='word_1_267' title='bbox 258 3220 308 3277; x_wconf 89' lang='lat' dir='ltr'>Sol,</span> <span class='ocrx_word' id='word_1_268' title='bbox 319 3221 389 3269; x_wconf 87' lang='lat' dir='ltr'>Luna</span> <span class='ocrx_word' id='word_1_269' title='bbox 398 3225 538 3277; x_wconf 80' lang='lat' dir='ltr'>(clarissimo</span> <span class='ocrx_word' id='word_1_270' title='bbox 548 3226 632 3271; x_wconf 81' lang='lat' dir='ltr'>mundi</span> <span class='ocrx_word' id='word_1_271' title='bbox 642 3224 750 3277; x_wconf 82' lang='lat' dir='ltr'>lamina),</span> <span class='ocrx_word' id='word_1_272' title='bbox 760 3222 842 3280; x_wconf 87' lang='lat' dir='ltr'>Liber,</span> <span class='ocrx_word' id='word_1_273' title='bbox 852 3225 938 3283; x_wconf 86' lang='lat' dir='ltr'>Ceres,</span> <span class='ocrx_word' id='word_1_274' title='bbox 950 3227 991 3275; x_wconf 90' lang='lat' dir='ltr'>the</span> 
     </span>
     <span class='ocr_line' id='line_1_42' title="bbox 73 3278 989 3342; baseline 0.007 -15"><span class='ocrx_word' id='word_1_275' title='bbox 73 3278 156 3328; x_wconf 85' lang='lat' dir='ltr'>Fauns</span> <span class='ocrx_word' id='word_1_276' title='bbox 175 3280 222 3329; x_wconf 87' lang='lat' dir='ltr'>and</span> <span class='ocrx_word' id='word_1_277' title='bbox 241 3279 359 3340; x_wconf 84' lang='lat' dir='ltr'>Dryades,</span> <span class='ocrx_word' id='word_1_278' title='bbox 379 3281 503 3339; x_wconf 85' lang='lat' dir='ltr'>Neptune,</span> <span class='ocrx_word' id='word_1_279' title='bbox 524 3283 653 3330; x_wconf 87' lang='lat' dir='ltr'>Aristaeus</span> <span class='ocrx_word' id='word_1_280' title='bbox 672 3284 756 3337; x_wconf 81' lang='lat' dir='ltr'>(cultor</span> <span class='ocrx_word' id='word_1_281' title='bbox 772 3291 909 3341; x_wconf 69' lang='lat' dir='ltr'>cenorum),</span> <span class='ocrx_word' id='word_1_282' title='bbox 929 3286 989 3342; x_wconf 86' lang='lat' dir='ltr'>Pan,</span> 
     </span>
     <span class='ocr_line' id='line_1_43' title="bbox 72 3336 990 3400; baseline 0.008 -14"><span class='ocrx_word' id='word_1_283' title='bbox 72 3336 193 3396; x_wconf 82' lang='lat' dir='ltr'>Minerva,</span> <span class='ocrx_word' id='word_1_284' title='bbox 207 3338 372 3400; x_wconf 87' lang='lat' dir='ltr'>Triptolemus</span> <span class='ocrx_word' id='word_1_285' title='bbox 382 3341 447 3395; x_wconf 78' lang='lat' dir='ltr'>(naci</span> <span class='ocrx_word' id='word_1_286' title='bbox 457 3341 702 3397; x_wconf 62' lang='lat' dir='ltr'>meanwarorum),</span> <span class='ocrx_word' id='word_1_287' title='bbox 713 3340 836 3398; x_wconf 84' lang='lat' dir='ltr'>Silvanus,</span> <span class='ocrx_word' id='word_1_288' title='bbox 847 3343 894 3390; x_wconf 90' lang='lat' dir='ltr'>and</span> <span class='ocrx_word' id='word_1_289' title='bbox 906 3343 939 3393; x_wconf 89' lang='lat' dir='ltr'>all</span> <span class='ocrx_word' id='word_1_290' title='bbox 950 3344 990 3392; x_wconf 85' lang='lat' dir='ltr'>the</span> 
     </span>
     <span class='ocr_line' id='line_1_44' title="bbox 73 3397 654 3461; baseline -0.002 -14"><span class='ocrx_word' id='word_1_291' title='bbox 73 3397 136 3447; x_wconf 84' lang='lat' dir='ltr'>rursl</span> <span class='ocrx_word' id='word_1_292' title='bbox 147 3399 243 3457; x_wconf 71' lang='lat' dir='ltr'>denies,</span> <span class='ocrx_word' id='word_1_293' title='bbox 256 3399 328 3461; x_wconf 84' lang='lat' dir='ltr'>along</span> <span class='ocrx_word' id='word_1_294' title='bbox 339 3399 400 3450; x_wconf 84' lang='lat' dir='ltr'>with</span> <span class='ocrx_word' id='word_1_295' title='bbox 411 3400 542 3459; x_wconf 79' lang='lat' dir='ltr'>Augustus</span> <span class='ocrx_word' id='word_1_296' title='bbox 555 3399 654 3446; x_wconf 63' lang='lat' dir='ltr'>Caesar.</span> 
     </span>
    </p>
   </div>
   <div class='ocr_carea' id='block_1_5' title="bbox 0 0 1044 3622">
    <p class='ocr_par' dir='ltr' id='par_1_28' title="bbox 0 0 1044 3622">
     <span class='ocr_line' id='line_1_45' title="bbox 0 0 1044 3622; baseline 0 0"><span class='ocrx_word' id='word_1_297' title='bbox 0 0 1044 3622; x_wconf 95' lang='lat' dir='ltr'> </span> 
     </span>
    </p>
   </div>
  </div>
 </body>
</html>
