2086 3622
441 157 532 196 meua
554 157 581 194 V.

119 287 145 340 N
147 300 178 336 ec
191 299 265 336 mora
272 300 280 352 3
298 283 422 336 continuo
435 284 518 336 vastis
529 300 592 337 cum
605 283 707 336 viribus
718 283 796 336 effert

119 356 171 407 Ora
184 355 275 420 Daretr,
290 370 443 422 magnoque
456 353 543 406 virum
556 371 585 406 se
597 370 735 405 murmure
749 353 831 420 rollit;

120 423 197 475 Solus
209 422 254 489 qui
266 422 391 474 Paridem
403 423 495 474 solitus
507 422 668 474 contendere
681 431 779 491 contra,
920 427 971 475 37⁰

121 491 251 557 Idemque
263 490 296 542 ad
310 491 452 559 tumulum,
466 508 518 558 quo
530 492 667 544 maximus
678 492 792 544 occubat
805 491 912 560 Hector,

120 560 256 611 Victorem
268 560 354 612 Buten
367 561 479 613 immani
493 576 609 629 corpore,
622 561 668 628 qui
681 577 710 612 se

120 628 253 696 Bebrycia
265 630 376 681 veniens
387 630 486 697 Amyci
498 629 625 696 degente
638 629 749 698 ferebat,

120 696 236 749 Perculit
248 704 275 748 et
288 698 362 749 sulva
374 696 562 750 moribundum
574 698 694 750 extendit
706 714 796 749 arena.

121 765 195 817 Talis
206 766 292 832 prima
304 767 388 817 Dares
400 774 480 835 caput
492 766 577 817 altum
589 766 614 817 in
627 766 728 834 proelia
740 766 815 833 tollit,
921 768 972 818 ato

124 833 299 900 Ostenditque
312 832 437 885 humeros
450 834 525 900 latos,
538 834 693 902 alternaque
704 834 787 902 jactat

121 902 236 954 Brachia
247 901 414 969 protendens,
428 910 455 954 et
467 904 589 954 verberat
602 903 700 954 ictibus
711 918 799 953 auras.

122 970 263 1026 Quaeritur
275 971 338 1023 hnic
351 970 420 1022 alius
427 987 435 1038 3
453 988 504 1023 neo
515 971 659 1039 quisquam
670 987 704 1023 ex
716 971 825 1037 agmine
837 978 910 1023 tanto

122 1039 213 1091 Audet
224 1039 297 1090 adire
310 1039 398 1092 virum
409 1039 588 1107 manibusque
600 1039 725 1091 inducere
738 1049 854 1091 caestus.
920 1046 923 1050 “

124 1108 193 1174 Ergo
205 1107 306 1176 alacris,
320 1116 481 1176 cunctosque
493 1117 589 1176 putans
601 1108 732 1159 excedere
745 1107 843 1175 palma,
922 1110 973 1158 3⁸0

123 1178 234 1227 Aeneae
246 1177 318 1227 stetit
329 1185 392 1228 ante
403 1177 503 1245 pedes,
522 1193 572 1229 nec
585 1177 661 1244 plura
673 1184 792 1228 moratus

124 1244 196 1294 Tum
207 1243 286 1295 laeva
298 1255 404 1296 taurum
416 1261 497 1296 cornu
510 1253 591 1312 tenet,
604 1253 685 1311 atque
698 1245 735 1295 ita
746 1243 831 1295 latur:

126 1313 210 1364 ‘Nate
223 1312 282 1380 dea,
296 1313 318 1363 si
330 1328 410 1363 nemo
422 1313 503 1365 audet
516 1330 546 1364 se
557 1313 668 1365 credere
680 1327 795 1379 pugnae,

124 1380 199 1438 Quae
212 1380 272 1432 finis
283 1381 390 1433 stendit
408 1398 460 1448 quo
472 1398 517 1433 me
529 1381 608 1433 decet
622 1397 707 1449 usque
721 1379 827 1432 tenerit

125 1450 230 1500 Ducere
242 1448 312 1501 dona
322 1449 405 1518 jube!
442 1451 536 1503 Cuncti
549 1449 630 1503 simul
646 1465 691 1501 ore
704 1447 854 1501 fremebant
924 1452 974 1502 38⁵

124 1517 300 1586 Dardanidae,
314 1518 443 1586 reddique
456 1520 511 1571 viro
522 1519 652 1588 promissa
662 1517 799 1586 jubebant.

125 1586 175 1638 Hie
187 1586 274 1653 gravis
287 1587 424 1641 Entellum
436 1586 516 1641 dictis
528 1589 642 1656 castigat
653 1591 776 1655 Acestes,

125 1654 265 1708 Proximus
276 1665 305 1709 ut
317 1656 449 1709 viridante
463 1667 516 1710 toro
529 1657 686 1711 consederat
698 1655 814 1709 herbae:

128 1724 256 1793 ‘Entella
269 1724 382 1778 heroum
393 1727 530 1794 quondam
541 1726 684 1779 fortissime
696 1724 800 1792 frustra,

126 1792 246 1845 Tantane
258 1795 432 1863 tempatione
444 1795 675 1848 nullocertamine
687 1793 744 1845 tolli
924 1794 976 1844 390

127 1862 201 1912 Dona
213 1862 304 1914 sinesl
323 1863 370 1915 ubi
381 1880 453 1915 nuno
464 1863 541 1915 nobis
552 1863 621 1916 deus
632 1863 685 1931 ille,
700 1862 828 1928 magister·

126 1929 316 1997 Nequidquam
328 1939 501 2001 memoratus,
514 1932 608 2000 Eryxt
626 1931 673 1984 ubi
684 1930 758 1982 fama
770 1943 939 1997 peromnem

127 1997 298 2066 Trinacriam,
311 2007 339 2051 et
350 1999 436 2066 spolia
447 1999 493 2051 illa
506 2000 558 2052 tuis
570 1999 715 2068 pendentia
727 1997 834 2050 tectisl'

127 2066 176 2117 Ille
189 2065 239 2118 sub
251 2065 334 2119 haec:
356 2068 431 2120 ‘Non
443 2067 529 2119 laudis
540 2084 622 2136 amor,
635 2084 686 2119 nec
698 2066 781 2135 gloria
792 2065 873 2118 cessit

128 2134 209 2186 Pulsa
219 2142 311 2203 matu,
330 2134 377 2187 sed
390 2135 464 2189 enirn
475 2136 582 2203 gelidus
594 2134 714 2188 tardante
727 2142 837 2187 senecta
924 2138 974 2187 395

129 2203 241 2271 Sanguis
251 2203 341 2273 hebet,
353 2203 505 2274 frigentque
517 2205 616 2257 effetae
628 2206 655 2257 in
667 2220 776 2273 corpore
788 2202 867 2255 vires.

128 2273 154 2324 Si
166 2272 240 2343 mibi,
253 2289 323 2341 quae
335 2274 472 2343 quondam
482 2273 577 2342 suerat,
590 2290 696 2344 quaque
709 2271 846 2340 improbus
856 2271 907 2324 iste

128 2342 252 2395 Exsultat
262 2342 357 2413 fidens,
370 2343 394 2395 si
405 2359 476 2397 nuno
488 2343 613 2407 loretillu
622 2344 755 2412 juventas,
901 2346 905 2353 '

127 2411 204 2465 Haud
216 2412 343 2481 equidem
355 2413 440 2483 pretio
447 2412 573 2467 inductus
584 2412 748 2535 gulchmque
758 2409 874 2479 juvenco

127 2480 270 2535 venissem
277 2498 286 2551 3
302 2498 353 2535 neo
364 2480 435 2535 dona
446 2483 550 2537 moror!
605 2482 630 2535 io
641 2480 739 2535 deinde
751 2479 857 2533 locutus
926 2481 977 2530 tot)

127 2549 158 2601 In
169 2549 293 2605 medium
340 2551 426 2605 minos
437 2550 550 2605 immani
561 2552 677 2620 pondere
690 2557 797 2602 caestus

129 2618 248 2689 Projecit,
261 2621 307 2688 qui
328 2636 360 2673 us
370 2636 434 2673 acer
446 2622 520 2690 Eryx
531 2621 558 2673 in
569 2621 671 2689 proelia
682 2627 776 2671 suetus

128 2686 209 2740 Ferre
219 2705 332 2743 manum
342 2689 462 2758 duroque
473 2689 612 2742 intendere
624 2688 735 2741 brachia
748 2695 831 2752 tergo.

89 2852 141 2897 370.
166 2848 249 2897 There
267 2850 289 2899 is
307 2866 339 2898 no
359 2852 469 2900 mention
489 2852 624 2900 elsewhere
646 2850 674 2898 of
690 2850 778 2903 Butes,
798 2862 843 2895 nor
863 2846 891 2894 of
908 2845 978 2895 Puris

58 2923 87 2957 ss
106 2922 120 2954 a
140 2908 224 2964 horter,
244 2924 289 2957 nor
308 2909 336 2958 os
353 2909 447 2958 funeral
467 2926 552 2971 gamos
573 2911 597 2956 in
619 2910 712 2957 honour
732 2908 760 2955 cf
778 2906 977 2954 fluctos-37³.

58 2967 173 3028 Amycum
194 2967 254 3028 lring
273 2967 302 3016 ol
320 2968 363 3016 the
384 2968 507 3030 Bebryces,
531 2985 545 3016 a
565 2969 627 3016 tribe
648 2969 676 3015 of
693 2966 818 3026 Bithynia,
840 2980 890 3034 was
911 2963 974 3012 cele·

58 3024 145 3073 bmted
155 3040 182 3072 as
193 3028 300 3075 aborret.
332 3027 388 3076 The
405 3029 568 3076 constmction
584 3043 665 3075 seems
681 3037 706 3075 to
717 3029 756 3082 be,
769 3026 812 3084 qui
821 3022 967 3090 venrenroBe

59 3085 235 3152 hqycioserelrot
246 3103 272 3134 re
282 3102 337 3135 esse
347 3090 377 3134 de
385 3096 456 3148 geute
467 3094 539 3143 (mee)
549 3088 640 3149 Amyci.
647 3116 678 3126 -
686 3090 738 3134 389.
755 3086 869 3151 Frustra.
902 3082 975 3128 Since

31 3198 34 3204 ,
58 3142 98 3193 hrs
109 3144 213 3204 bravery
223 3160 275 3193 was
286 3161 342 3193 now
352 3156 379 3193 to
390 3146 493 3204 produce
505 3161 537 3193 no
547 3145 624 3195 truite.
657 3146 813 3204 Comparari.
826 3142 977 3208 blm-392.

58 3200 136 3272 ΒΨ.
168 3202 217 3251 See
228 3214 252 3251 at
263 3208 300 3252 24.
332 3206 400 3264 Eryx
411 3221 462 3252 wus
478 3205 616 3254 celebrated
628 3222 654 3254 as
665 3222 679 3254 a
690 3208 773 3253 boxer.
781 3203 870 3267 2393.
890 3197 977 3265 Turm-

58 3274 139 3309 Μ.
170 3261 218 3309 See
229 3277 252 3322 p.
266 3267 317 3319 180,
330 3265 378 3311 line
390 3268 523 3313 37.-395.
541 3264 589 3312 Sed
604 3268 672 3313 enim.
705 3266 752 3313 See
769 3272 793 3310 ut
809 3275 824 3305 1.
838 3261 912 3313 19211·
926 3258 977 3304 1⁶⁴·

59 3316 117 3391 'ste
127 3318 230 3382 thought
242 3322 354 3371 involved
365 3323 422 3371 here
434 3339 514 3371 sccrns
526 3333 551 3371 to
562 3326 601 3380 be,
611 3328 652 3373 red
662 3340 710 3372 non
721 3325 773 3372 sine
785 3332 859 3370 eausa
869 3323 976 3373 cunctor¹

57 3378 153 3439 saram
164 3383 232 3491 {nim
240 3386 328 3429 -400.
346 3383 439 3439 Moror,
452 3383 534 3443 magni
545 3384 655 3432 aestimo.

186 3448 194 3492 l
521 3461 534 3493 v
