2078 3622
422 175 607 216 urouoroort.
797 168 814 193 ²

125 304 255 374 Spadices
265 303 425 372 glaucique5
443 303 514 355 color
525 302 685 354 deterrimus
696 299 766 352 albis

127 375 161 427 Et
173 374 252 441 gilvo.
289 374 368 440 Tum,
382 373 404 424 si
415 389 469 440 qua
481 387 576 424 sonum
588 370 680 441 procul
691 386 766 422 anna
778 368 886 438 dedere,

126 443 200 496 Stare
213 442 269 494 loco
281 443 375 509 nescit,
389 442 471 493 micat
483 439 599 506 auribus,
614 449 641 492 et
653 440 741 491 tremit
753 449 834 506 artus,

126 511 328 580 Collectumque
340 510 458 562 fremens
469 510 550 561 volvit
562 509 612 560 sub
624 508 731 561 naribus
743 508 842 575 ignem.
941 510 976 559 85

128 581 217 634 Densa
232 580 299 648 uba,
312 589 340 631 et
352 579 444 631 dextro
455 578 554 648 jactata
567 576 698 631 recumbit
711 577 738 629 in
750 591 842 646 armo;

127 653 162 702 At
175 651 229 718 dup
240 666 274 702 err
285 648 372 716 agitur
420 665 431 700 r
443 647 549 701 lumbos
561 647 637 715 spina
644 663 652 715 ;
670 657 801 714 cavatque

127 718 270 786 Tellurem,
284 727 311 768 et
324 666 533 784 solidiigraviter
545 723 621 768 sonat
634 715 733 782 ungula
744 730 837 767 cornu.

127 787 200 839 Talis
212 785 354 856 Amyclaei
366 786 482 838 domitus
494 785 609 838 Pollucis
620 785 733 837 habenis

127 856 256 925 Cyllarus,
269 864 303 922 et,
317 871 429 923 quorum
442 855 515 907 Graii
526 855 674 907 meminere
687 859 790 922 poetae,
943 855 977 904 90

127 925 225 978 Martis
236 924 298 993 equi
310 924 422 994 bijuges,
436 933 463 975 et
475 923 563 991 magni
577 940 668 976 curms
679 922 793 976 Achilli:

128 994 201 1046 Talis
212 1003 239 1045 et
250 994 308 1063 ipse
319 993 414 1062 jubam
425 994 531 1045 cervice
544 992 639 1045 effudit
651 993 750 1062 equina

127 1062 252 1132 Conjugis
263 1062 380 1114 adventu
392 1062 484 1141 pernix
497 1062 631 1130 Saturnus,
645 1070 672 1114 et
683 1061 769 1114 altum

128 1132 220 1185 Pelion
232 1131 335 1184 hinnitu
347 1130 453 1199 lugiens
465 1130 587 1201 implevit
599 1140 687 1185 acuto.

124 1245 131 1256 .
163 1202 241 1255 Hunc
258 1217 373 1271 quoque,
389 1200 434 1253 ubi
452 1210 499 1253 aut
515 1200 608 1254 morbo
626 1200 722 1270 gravis,
735 1208 781 1253 aut
797 1199 855 1269 jam
872 1197 978 1319 segniop

231 1269 309 1322 annis
944 1271 960 1320 9

128 1339 233 1408 Deficit,
246 1339 316 1391 abde
328 1338 408 1392 domo
414 1356 422 1407 5
440 1356 490 1393 nec
504 1340 572 1408 turpi
584 1339 691 1406 ignosce
702 1347 839 1391 senectae.

129 1408 252 1476 Frigidus
264 1409 289 1460 in
302 1409 437 1460 Venerem
449 1410 542 1478 senior,
556 1408 705 1476 frustraque
718 1407 838 1461 laborem

128 1479 265 1545 Ingratum
278 1476 356 1528 trahit
364 1494 372 1546 5
390 1487 425 1546 et,
439 1479 460 1530 si
472 1476 579 1546 quaudo
591 1478 625 1529 ad
638 1477 737 1547 proelia
748 1485 860 1530 ventum
874 1483 924 1546 est,

129 1546 165 1599 Ut
177 1546 312 1615 quondam
324 1545 351 1597 in
364 1546 468 1612 stipulis
480 1563 593 1614 maguus
605 1547 662 1598 sino
675 1546 775 1599 viribus
787 1546 863 1615 ignis,

129 1615 268 1668 Incassum
281 1614 352 1666 furit.
390 1615 459 1682 Ergo
472 1617 576 1667 animos
587 1632 741 1684 aevumque
753 1615 857 1669 notabis
932 1615 980 1664 100

129 1685 293 1752 Praecipue,
312 1681 374 1734 hinc
386 1683 453 1736 elias
465 1685 536 1753 artis,
550 1685 706 1754 prolemque
718 1692 868 1754 parentum,

131 1755 165 1807 Et
177 1754 237 1822 quis
249 1753 346 1820 cuique
358 1751 431 1803 dolor
443 1753 521 1819 victo,
535 1770 605 1822 quae
617 1754 701 1821 gloria
712 1753 828 1823 palmae.

129 1823 225 1876 Nonne
238 1821 321 1890 vides,
335 1837 396 1874 oum
409 1823 545 1891 praecipiti
557 1824 704 1876 certamine
715 1839 841 1893 campum

131 1892 292 1959 Corripuere,
307 1901 438 1959 ruuntque
451 1891 532 1944 effusi
544 1909 651 1945 carcere
663 1909 756 1945 currus
763 1904 776 1960 ;'

131 1962 199 2012 Cum
212 1977 274 2029 spes
285 1969 404 2012 arrectae
414 1959 553 2029 juvenum,
568 1961 781 2030 exsultantiaque
793 1959 883 2013 haurit
932 1962 981 2014 tot

131 2029 217 2082 Corda
228 2046 309 2098 paror
322 2028 443 2097 pulsans:
463 2029 500 2082 illi
513 2031 611 2083 instant
625 2030 735 2084 verbere
748 2037 823 2099 torto,

132 2099 166 2152 Et
178 2099 252 2167 proni
264 2097 327 2150 dant
341 2098 412 2166 lora3
430 2099 501 2151 volat
513 2101 539 2151 vi
553 2100 672 2152 fervidus
683 2100 758 2167 axis3

131 2169 246 2236 Jamque
260 2166 385 2236 humiles,
399 2167 508 2237 jamque
522 2168 583 2220 elati
597 2169 712 2223 sublime
725 2169 849 2220 videntur

132 2238 205 2288 Aera
217 2254 264 2305 per
276 2253 394 2288 vacuum
407 2237 468 2287 ferri
481 2245 564 2305 atque
576 2237 719 2304 adsurgere
733 2239 758 2290 in
771 2251 866 2304 auras;

131 2305 158 2357 N
159 2321 191 2355 ec
203 2321 284 2370 mora,
298 2321 349 2355 nec
362 2305 467 2374 requies
474 2321 483 2373 3
501 2315 528 2356 at
540 2305 630 2357 tuliae
644 2306 751 2359 nimbus
761 2322 860 2358 arenae
933 2307 982 2359 tto

132 2372 251 2439 Tollitur,
266 2371 426 2425 humescunt
439 2374 541 2442 spumis
554 2375 673 2443 flatuque
686 2384 865 2444 sequentum:

132 2443 235 2493 Tantus
246 2458 321 2493 amor
333 2441 451 2510 laudum,
466 2451 555 2495 tantae
567 2453 608 2496 est
620 2443 730 2496 victoria
741 2459 831 2497 curae.

133 2510 238 2563 Primus
251 2509 438 2563 Erichthonius
450 2527 540 2564 currus
553 2524 579 2565 et
592 2521 703 2582 quatuor
714 2530 797 2566 ausus

132 2580 249 2648 Jungere
262 2596 352 2648 equoS,
366 2578 529 2648 rapidusque
542 2582 604 2634 rotis
616 2583 738 2635 insistere
751 2583 842 2635 victor.

133 2647 220 2701 Frena
232 2647 394 2700 Pelethronii
407 2649 537 2718 Lapithae
549 2667 682 2720 gyrosque
694 2651 802 2720 dedere,
934 2654 982 2706 tlt

133 2718 253 2788 Impositi
266 2716 350 2784 dorso,
364 2726 444 2786 atque
458 2720 577 2788 equitem
589 2719 704 2779 docuere
717 2720 767 2774 sub
778 2721 862 2774 armis

133 2788 262 2840 Insultare
276 2787 330 2839 solo
343 2795 370 2838 et
381 2804 489 2854 gressus
500 2789 647 2857 glomerare
660 2790 797 2858 superbos.

133 2860 245 2924 Aequus
256 2865 315 2908 uter
334 2873 368 2909 ue
381 2856 454 2909 labor
461 2874 469 2926 3
488 2875 574 2927 aeque
585 2857 767 2927 juvenemque
779 2858 901 2927 magistri

135 2926 283 2992 Exquirunt
296 2873 468 2994 oiiidumque
481 2927 578 2979 animis
590 2935 616 2979 et
628 2927 749 2980 cursibus
760 2944 867 2997 acrem5

134 2994 264 3051 Quamvis
276 3010 356 3061 saepe
369 2993 432 3062 fuga
444 3012 535 3047 versos
546 2996 591 3047 ille
604 2998 687 3064 egerit
700 2996 791 3066 hostis,
936 3001 984 3053 120

135 3063 169 3115 Et
182 3062 294 3131 patriam
308 3062 418 3130 Epirum
432 3064 527 3115 referat
540 3064 666 3134 sortisque
679 3067 820 3135 Mycenas,

133 3133 176 3186 Ne
197 3129 307 3198 turrique
319 3130 376 3250 ipsa
389 3131 505 3184 deducat
517 3133 618 3199 origine
629 3143 748 3202 gentem.

196 3201 218 3252 is
230 3199 319 3252 anima
340 3200 424 3251 versis
436 3201 534 3252 instant
547 3202 597 3255 sub
610 3212 723 3272 tempus,
737 3211 763 3255 et
776 3205 864 3258 omnis

134 3269 296 3339 impendunt
308 3284 385 3319 ouras
396 3268 480 3322 denso
492 3268 644 3323 distendere
656 3274 755 3351 pingui,

133 3337 223 3396 Quem
235 3339 324 3406 legere
336 3337 434 3390 ducem
446 3347 473 3390 et
486 3339 573 3406 pecori
586 3341 677 3393 dixere
689 3350 831 3411 mautum;
935 3347 984 3398 m

134 3408 317 3477 Florentisque
330 3417 421 3461 secant
433 3408 538 3479 herbae,
552 3409 700 3479 fluviosque
712 3411 862 3467 ministrant
