2086 3622
435 149 527 189 arasa
547 151 601 189 xrr.
915 130 974 185 416

128 275 299 346 Prodiderim,
312 286 404 330 natam
416 285 444 330 et
455 277 586 330 connubia
598 285 686 329 nostra
697 273 856 345 petenteml

125 347 239 414 Respice
253 363 295 399 res
306 346 377 399 bello
389 348 490 415 varias,
509 347 636 399 miserere
649 347 766 414 parentis

127 416 268 485 Longaevi,
283 432 365 484 quern
378 433 449 469 nunc
460 426 595 469 moestum
607 416 690 484 patria
702 415 791 466 Ardea
803 413 881 481 longe

125 485 244 536 Dividit)
281 483 818 553 HaudquaquamdictisviolentiaTurni
940 483 974 533 45

125 553 268 622 Flectitur,
287 563 428 623 exsuperat
441 555 534 620 magis,
548 554 732 620 aegrescitque
745 550 888 604 medendo.

126 624 161 676 Ut
174 624 290 692 primum
303 624 352 675 fari
364 623 456 692 potuit,
470 624 509 674 sic
521 623 614 674 institit
627 639 687 674 cre:

127 693 229 750 ‘Quam
242 709 345 760 prome
358 709 450 744 curam
463 691 540 759 geris,
555 691 624 742 hanc
637 708 735 760 precor,
749 691 857 759 optime,
871 704 916 758 pro
930 703 976 740 me

125 762 257 829 Deponas,
271 761 410 828 letumque
425 761 497 812 sinas
509 775 555 828 pro
568 759 646 811 laude
659 761 766 828 pacisci.

126 830 161 882 Et
173 847 222 881 nos
234 829 294 898 tela,
308 838 390 898 pater,
405 829 558 896 ferrumque
571 828 644 880 haud
656 829 746 881 debile
759 828 853 880 dextra
941 829 976 877 50

126 899 281 967 Spargimus
288 915 296 966 ;
314 907 341 951 et
353 907 440 950 nostro
453 899 573 967 sequitur
585 897 619 949 de
633 897 742 949 vulnere
755 897 871 965 sanguis·

125 967 216 1035 Longe
228 967 267 1020 illi
279 967 331 1020 dea
343 976 429 1020 mater
440 967 497 1035 erit,
511 983 581 1036 quae
594 966 665 1019 nube
680 965 807 1034 fugacem

126 1036 256 1089 Feminea
268 1046 348 1105 tegat,
362 1046 388 1089 et
401 1038 477 1089 vanis
489 1053 550 1089 sese
562 1036 668 1088 occulat
679 1035 800 1088 umbris.²

160 1108 196 1157 At
208 1107 308 1175 regina,
322 1123 391 1158 nova
403 1122 508 1174 pugnae
520 1105 661 1157 conterrita
672 1114 749 1172 sorte,

126 1174 228 1243 Flebat,
243 1184 269 1227 et
281 1175 420 1227 ardentem
432 1191 561 1242 generum
572 1175 700 1226 moritura
713 1172 836 1225 tenebat:
942 1174 976 1223 55

127 1244 238 1312 ‘Turne,
251 1261 298 1313 per
310 1244 360 1296 has
372 1260 420 1311 ego
434 1253 460 1295 te
472 1243 605 1311 lacrimas,
618 1259 666 1311 per
677 1242 700 1293 si
713 1241 773 1311 quis
784 1243 900 1294 Amatae

125 1314 222 1381 Tangit
235 1313 319 1365 honos
330 1312 549 1381 animum-spes
562 1320 590 1363 tu
603 1328 674 1364 nunc
687 1327 747 1380 una,
761 1318 889 1362 senectae

126 1383 167 1434 Tu
181 1383 288 1451 requies
299 1382 414 1434 miserae
422 1398 429 1449 3
447 1382 531 1434 decus
543 1380 737 1450 imperiumque
750 1379 837 1432 Latini

125 1452 165 1503 Te
177 1468 261 1520 penes
272 1467 279 1518 ;
298 1451 326 1503 in
338 1459 364 1502 te
376 1451 463 1503 omnis
475 1449 571 1502 domus
583 1448 709 1502 inclinata
721 1447 890 1501 recumbit-

125 1521 217 1574 Unum
229 1536 288 1572 oro:
307 1519 407 1572 desiste
419 1536 529 1572 manum
542 1519 709 1572 committere
722 1517 842 1570 Teucris.
942 1520 977 1569 60

126 1589 178 1647 Qui
191 1598 217 1642 te
229 1605 346 1658 cumque
358 1597 468 1642 manent
481 1588 530 1641 isto
542 1588 691 1641 certamine
703 1604 790 1656 casus,

126 1660 161 1712 Et
173 1676 226 1726 me,
240 1659 337 1727 Turne,
350 1665 460 1711 manent
465 1674 475 1727 o'
494 1657 575 1711 simul
587 1657 655 1710 haec
667 1657 754 1710 invisa
766 1655 916 1726 relinquam

126 1729 247 1797 Lumina,
260 1745 312 1781 nec
323 1744 453 1796 generum
465 1730 575 1781 Aenean
587 1727 694 1796 captiva
705 1725 821 1780 videbo.¹

126 1798 238 1865 Accepit
250 1813 344 1849 vocem
357 1796 474 1849 lacrimis
486 1796 597 1849 Lavinia
608 1796 700 1848 matris

126 1865 277 1932 Flagrantis
288 1865 395 1986 perlusa
406 1881 497 1934 genas,
511 1867 555 1918 cui
566 1864 696 1935 plurimus
708 1863 798 1932 ignem
945 1865 979 1915 65

127 1933 245 2002 Subjecit
258 1950 287 1985 ru
308 1950 343 2002 cr,
357 1941 384 1986 et
395 1933 528 2000 calefacta
540 1950 587 2003 per
598 1949 645 1986 cra
655 1933 781 1986 cucurrit.

126 2002 223 2055 Indum
236 2002 381 2070 sanguineo
394 2001 477 2055 veluti
489 2002 626 2055 violaverit
637 2010 707 2054 ostro

127 2071 153 2124 Si
166 2074 226 2141 quis
237 2071 311 2142 ebur,
323 2079 371 2124 aut
382 2070 466 2123 mixta
478 2071 573 2125 rubent
585 2071 632 2124 ubi
643 2070 700 2123 lilia
711 2068 797 2123 multa

126 2141 198 2194 Alba
210 2156 282 2193 rosa:
303 2140 362 2193 talis
374 2139 447 2208 virgo
458 2140 539 2194 dabat
551 2156 596 2192 ore
608 2139 717 2193 colores.

127 2210 206 2263 Illum
220 2210 306 2263 turbat
318 2226 400 2278 amor,
413 2209 523 2278 figitque
535 2210 562 2263 in
574 2209 677 2278 virgine
689 2207 787 2262 vultus.
943 2210 978 2260 70

127 2280 212 2332 Ardet
224 2279 251 2331 in
263 2295 338 2332 arma
349 2278 435 2347 magis
455 2279 601 2350 paucisque
613 2278 711 2332 affatur
722 2280 866 2331 Amatam:

129 2349 195 2417 ‘Ne,
208 2364 315 2418 quaeso,
328 2365 421 2401 neme
442 2348 557 2418 acrimis,
571 2365 639 2402 neve
651 2346 741 2400 omine
753 2355 827 2400 tanto

127 2417 292 2487 Prosequere
303 2417 330 2470 in
342 2416 401 2470 duri
413 2418 559 2471 certamina
570 2418 667 2471 Martis
678 2424 796 2487 euntem,

126 2487 149 2539 0
160 2495 260 2556 mater,
279 2503 367 2557 neque
380 2487 454 2540 enim
465 2488 554 2540 Turno
566 2505 641 2541 mora
652 2485 736 2539 libera
747 2485 850 2540 mortis.

126 2556 246 2609 Nuntius
257 2555 334 2627 haec,
350 2556 450 2628 ldmon,
464 2555 578 2626 Phrygio
591 2574 652 2610 mea
664 2555 737 2609 dicta
748 2563 861 2625 tyranno
943 2556 977 2606 ⁷⁵

125 2625 203 2677 Haud
216 2625 347 2695 placitura
360 2625 444 2678 refer:
465 2627 481 2658 “
489 2627 557 2681 Cum
569 2626 687 2695 primum
698 2624 813 2678 crastina
824 2621 899 2676 coelo

126 2693 252 2746 Puniceis
264 2693 371 2746 invecta
383 2694 446 2747 rutis
457 2695 560 2747 Aurora
572 2693 686 2761 rubebit,

125 2762 186 2814 Non
198 2763 317 2814 Teucros
328 2771 390 2830 agat
402 2763 429 2815 in
438 2763 550 2815 Rutulos
556 2779 564 2830 3
582 2763 717 2816 Teucrum
729 2777 806 2813 arma
816 2758 965 2830 quiescant,

126 2831 161 2883 Et
173 2830 277 2884 Rutuli:
296 2841 385 2884 nostro
397 2831 554 2884 dirimamus
565 2831 694 2899 sanguine
706 2828 809 2883 bellurn
816 2843 824 2898 3

125 2899 173 2952 lllc
185 2907 328 2969 quaeratur
339 2898 455 2969 conjunx
467 2900 578 2952 Lavinia
590 2899 731 2968 campo.'’²
855 2948 857 2953 ,
942 2901 977 2951 80

160 2969 235 3021 Haec
247 2968 292 3021 ubi
305 2968 378 3021 dicta
390 2967 472 3037 dedit,
487 2968 647 3038 rapidusque
658 2968 685 3020 in
698 2975 770 3020 tecta
782 2965 904 3036 recessit,

125 3037 213 3090 Poscit
226 3055 315 3106 equos,
328 3038 482 3105 gaudetque
495 3047 573 3091 tuens
584 3045 646 3090 ante
658 3053 705 3088 ora
716 3035 863 3104 frementis,

83 3140 122 3185 ts.
138 3137 254 3186 Parentis
270 3139 314 3194 tui,
328 3138 496 3186 Dauni—Al.
508 3137 597 3186 Ardea.
629 3138 676 3186 See
692 3153 716 3197 p.
727 3142 781 3193 291,
794 3137 843 3187 line
853 3141 974 3186 tte-⁵2.

55 3195 132 3250 Nube,
146 3196 161 3244 i.
173 3200 291 3245 tta—53.
319 3196 395 3245 Vanis
404 3214 413 3254 ,·
432 3197 468 3244 lor
484 3196 569 3244 Venus
587 3208 627 3244 too
644 3213 695 3245 was
712 3196 841 3253 wounded‚
859 3212 883 3246 x.
900 3200 976 3244 ³0.-

54 3258 93 3304 56.
110 3255 169 3312 Per,
182 3256 241 3312 doc„
255 3256 286 3303 iv.
298 3259 350 3310 314,
363 3256 388 3302 ii.
401 3258 534 3304 tta-68.
551 3255 618 3303 Ebr'rr
628 3258 661 3316 by
671 3256 713 3304 the
724 3256 876 3305 arsis-74.
892 3254 976 3316 Neque

53 3330 118 3363 staro
134 3315 208 3363 libera
222 3316 312 3363 mortu.
326 3328 331 3336 ·
344 3314 370 3362 It
381 3315 429 3362 fate
446 3315 545 3363 decrees
561 3314 642 3373 death,
655 3314 727 3376 delay
738 3315 759 3364 is
775 3312 872 3375 beyond
886 3313 974 3364 mortal

53 3377 227 3434 putten-75.
245 3373 352 3436 Phrygio
363 3383 476 3436 tyranno,
489 3376 598 3422 Aeneae.
