2086 3622
348 84 357 103 .

399 133 493 173 arsen
513 134 552 173 rr.
885 120 941 174 1⁰7

72 267 129 320 Seu
141 264 216 317 lento
229 260 329 315 luerint
340 260 458 314 alvearia
471 264 573 314 vimine
586 272 668 329 terrra,

52 339 213 403 ²Angustos
226 331 344 384 habeant
357 331 463 384 aditus:
484 350 545 384 nam
561 334 657 397 :rigore
670 331 752 382 melia
906 336 937 383 25

73 405 154 473 Cogit
167 402 264 470 hiems,
279 401 431 469 eademque
444 402 516 452 calor
528 402 673 470 liquefacta
687 403 805 453 :ercinia

71 474 196 542 Utraque
209 472 251 524 vis
264 471 361 540 apibus
374 471 472 539 pariter
484 471 648 538 metuer.a³a;
668 488 756 539 :eque
769 510 786 523 ,.
799 490 832 524 ae

71 541 270 612 Nequidquam
283 541 309 592 in
323 541 402 592 tectis
413 541 536 593 certatim
550 542 641 592 leniris
654 558 715 591 ceta

72 613 247 682 Spiramenta
259 610 354 679 linunt,
368 609 484 678 sucoque
497 621 524 662 et
537 610 645 662 floribus
657 628 716 661 oms

72 681 201 751 Explent‚
215 679 413 748 collectumque
426 678 496 732 haec
508 680 565 748 ipsa
577 679 611 730 ad
625 697 736 731 munera
749 680 773 745 ’,ζῖ
782 696 841 733 ,·t·:n
903 684 937 731 tu

74 753 111 805 Et
123 751 199 804 visco
212 758 239 802 et
252 749 386 816 Phrygiae
399 758 506 801 servant
519 750 578 818 pice
591 749 689 800 leutius
703 749 775 801 liae.

73 820 162 889 Saepe
175 819 259 872 etiam
271 817 384 887 effossis²
399 819 420 870 si
434 835 498 870 vera
511 829 551 871 est
564 818 645 885 fama,
660 818 770 870 latebris

73 888 130 943 Sub
142 898 212 942 terra
224 888 315 941 fovere
328 887 420 957 larem,
434 889 594 956 penitusque
608 900 728 955 repertae

73 958 289 1026 Pumieibusque
303 957 378 1010 cavis
391 974 543 1026 exesaeque
555 957 655 1010 arboris
667 968 750 1009 antro,

73 1029 116 1081 Tu
130 1037 222 1080 tamen
235 1044 250 1078 e
263 1026 319 1080 levi
332 1027 429 1079 rimosa
441 1027 541 1080 cubilia
553 1027 616 1079 limo
901 1032 935 1079 4⁵

72 1098 172 1167 Ungue
184 1097 280 1150 fovens
292 1097 401 1165 circum,
415 1106 442 1148 et
455 1115 527 1149 raras
539 1097 701 1166 superinjice
715 1097 821 1149 frondis.

72 1168 137 1221 Neu
169 1167 258 1236 ropius
270 1167 349 1218 tectis
362 1176 453 1219 taxum
466 1168 532 1234 sine,
546 1183 616 1218 neve
630 1167 748 1217 rubentis

73 1237 130 1290 Ure
141 1185 201 1289 dico
214 1252 332 1304 cancroS,
346 1236 417 1287 altae
432 1253 485 1288 neu
497 1235 578 1287 crede
590 1235 689 1303 paludi,

73 1309 130 1360 Aut
141 1304 188 1359 ubi
200 1306 265 1359 odor
278 1306 356 1357 caeni
369 1306 464 1374 graviq
478 1313 524 1357 aut
537 1305 582 1357 ubi
596 1321 714 1355 concava
727 1304 806 1372 pulsu

73 1375 144 1430 Saxa
156 1385 251 1428 sonant
265 1375 392 1444 vocisque
405 1375 509 1427 offensa
522 1374 631 1426 resultat
645 1374 741 1440 imago.
900 1377 934 1424 50

110 1445 188 1504 Quod
202 1453 331 1514 superest,
345 1444 391 1498 ubi
404 1444 512 1514 pulsam
524 1443 645 1496 hiemem
658 1443 699 1495 Sol
714 1461 813 1496 aureus
825 1443 880 1512 egit

73 1513 129 1568 Sub
142 1523 234 1583 terras,
248 1514 410 1583 coelumque
423 1515 527 1567 aestiva
539 1513 599 1566 luce
612 1513 727 1583 reclusit,

72 1584 140 1638 Illae
152 1586 279 1643 continuo
291 1583 375 1636 saltus
388 1585 524 1653 silvasque
538 1592 684 1654 peragrant,

72 1654 279 1723 Purpureusque
291 1662 397 1706 metunt
410 1654 495 1723 flores,
510 1663 536 1706 et
550 1654 661 1706 flumina
674 1654 757 1707 libant

73 1723 188 1776 Summa
199 1723 282 1776 leves.
320 1723 390 1775 Hine
402 1724 492 1776 nescio
505 1741 558 1793 qua
570 1723 714 1777 dulcedine
726 1724 812 1776 laetae
895 1726 928 1774 5⁵

73 1793 235 1860 Progeniem
249 1792 379 1862 nidosque
392 1793 489 1862 fovent,
504 1793 567 1847 hinc
579 1802 635 1845 arte
649 1794 763 1847 recentis

73 1862 219 1916 Excudunt
231 1879 309 1915 ceras
321 1872 348 1914 et
360 1862 443 1915 mella
455 1864 561 1916 tenacia
575 1863 685 1931 fingunt.

72 1932 143 1985 Hine
154 1931 202 1984 ubi
213 1931 269 2001 jam
282 1932 414 1985 emissum
426 1933 517 1986 caveis
528 1932 563 1985 ad
576 1933 664 1985 sidere
676 1933 745 1985 coeli

72 2002 147 2055 Nare
159 2018 207 2071 per
218 2009 350 2054 aestatem
363 2001 494 2072 liquidam
507 2003 661 2071 suspexeris
672 2020 778 2073 agmen,

72 2071 276 2140 Obsouramque
289 2071 357 2124 trahi
372 2081 450 2124 vento
463 2071 595 2125 mirabere
609 2072 717 2140 nubem,
895 2075 929 2124 60

74 2140 287 2211 Contemplator:
306 2158 390 2209 aquas
402 2141 489 2194 dulcis
501 2152 527 2193 et
540 2141 650 2193 frondea
662 2158 769 2211 semper

73 2211 159 2263 Tecta
171 2218 274 2281 petunt.
312 2211 371 2263 Huc
383 2220 411 2263 tu
423 2210 511 2280 jussos
523 2211 652 2280 adsperge
666 2228 780 2281 sapores,

73 2281 150 2333 Trita
161 2279 333 2360 melisphylla
346 2290 373 2334 et
386 2281 521 2334 cerinthae
535 2282 650 2351 ignobile
662 2299 781 2352 gramen,

72 2350 249 2420 Tinnitusque
262 2367 304 2402 cre
317 2357 344 2402 et
356 2351 453 2405 Matris
465 2361 546 2421 quate
558 2351 684 2422 cymbala
696 2353 811 2406 circum:

72 2419 151 2489 Ipsae
163 2420 302 2473 consident
315 2421 457 2475 medicatis
468 2422 577 2475 sedibus
584 2440 592 2492 3
611 2423 686 2492 ipsae
895 2425 929 2475 etl

72 2489 172 2543 Intima
183 2506 259 2543 more
271 2507 319 2543 suo
332 2507 392 2544 sese
406 2492 433 2545 in
446 2491 579 2546 cunabula
591 2490 715 2545 condent.

107 2559 153 2612 Sin
165 2568 257 2613 autern
269 2559 304 2613 ad
316 2577 432 2630 pugnam
447 2562 658 2616 exierint-nam
671 2579 752 2633 saepe
765 2560 871 2617 duobus

73 2628 192 2697 Regibus
203 2630 311 2683 incessit
323 2648 420 2700 magno
432 2631 564 2686 discordia
576 2641 665 2701 ructu3

36 2724 38 2728 ·
74 2699 258 2769 Continuoque
271 2699 374 2754 animos
385 2701 456 2769 volgi
469 2712 496 2755 et
508 2701 670 2773 trepidantia
681 2701 753 2755 bello

73 2767 159 2821 Corda
171 2768 236 2821 licet
248 2768 325 2838 longe
338 2772 534 2839 praesciscere;
554 2787 671 2839 namque
685 2771 812 2824 morantis
893 2774 927 2823 70

72 2837 189 2892 Martius
201 2838 245 2892 ille
257 2841 326 2893 aeris
339 2840 410 2892 rauci
423 2857 503 2893 canor
516 2841 642 2909 increpat,
656 2848 683 2891 ct
695 2856 746 2894 vox

72 2907 189 2961 Auditur
201 2908 299 2961 fractos
311 2908 413 2962 sonitus
426 2909 529 2962 imitata
542 2908 663 2962 tubarum
673 2925 681 2978 3

72 2977 144 3031 Tum
158 2978 275 3048 trepidae
287 2978 357 3031 inter
370 2995 400 3031 se
412 2984 517 3049 coeunt,
531 2978 680 3049 pannisque
693 2990 840 3053 coruscant,

72 3047 233 3119 Spiculaque
246 3057 381 3101 exacuunt
395 3048 491 3120 rostris,
505 3059 651 3121 aptantque
663 3050 785 3123 lacertos,

72 3119 107 3174 Et
120 3117 191 3171 circa
203 3135 296 3188 regem
307 3127 388 3187 atque
402 3118 459 3189 ipsa
470 3119 504 3173 ad
517 3120 647 3191 praetorio
659 3122 760 3175 demum
889 3126 923 3173 75

28 3218 131 3225 ..an-...-
312 3219 341 3225 ..-

29 3266 116 3316 4740.
134 3263 234 3313 Certoiu
245 3264 328 3325 things
340 3274 366 3312 to
374 3268 404 3312 be
414 3264 524 3315 avoided.
532 3269 653 3316 -51-66.
671 3268 734 3316 llcw
746 3277 772 3315 to
784 3266 869 3315 iudum
881 3266 923 3313 tlre

28 3337 62 3375 m
70 3332 99 3373 to
109 3324 183 3373 settle
194 3323 267 3373 when
277 3324 318 3372 the
347 3325 414 3373 issue
425 3323 488 3373 forth
500 3326 524 3375 in
535 3326 603 3386 early
613 3327 704 3389 spring.
743 3330 773 3377 67
783 3327 828 3375 el.
849 3322 921 3375 wne

28 3380 72 3435 *do
80 3383 154 3434 vtben
164 3382 207 3434 tho
218 3384 277 3433 bees
288 3340 349 3444 ligbt
361 3383 438 3433 under
448 3384 508 3433 rival
522 3385 603 3447 linge.
