2078 3622
453 142 610 179 AENEIDOS.

137 266 282 321 Mortalem
294 268 403 322 internis
414 268 448 319 ad
462 267 562 320 lumina
575 284 683 335 surgere
696 268 751 321 vita

138 336 199 403 lpse
213 348 372 406 repertorem
385 336 534 389 medicinae
547 337 609 389 talis
620 347 647 389 et
659 339 724 390 artis

137 405 159 457 F
162 406 262 457 nlmine
274 406 474 461 Plroebiuenam
486 406 591 475 Stygias
602 406 714 459 detrusit
726 406 759 458 ad
775 406 868 459 undas.

136 477 171 527 At
185 476 275 527 'l'riria
288 476 460 543 llippolrtnnt
473 477 583 528 seeretis
594 476 666 527 alana
680 476 797 528 recondit

136 544 256 597 Sedibus.
270 554 297 597 et
310 545 445 613 nymphae
459 546 571 611 Egeriae
585 546 739 613 nemorique
752 546 861 613 relegat,
933 552 983 601 775

135 614 210 665 Solus
224 614 267 666 ubi
280 614 306 665 in
319 614 394 665 silvis
407 614 480 666 ltalis
494 614 617 683 ienolrilis
628 632 726 667 aerum

138 684 268 749 llxigeret,
283 700 412 751 versoque
427 684 470 735 nbi
483 684 589 735 nornine
602 684 716 736 Verbius
729 693 809 736 esset.

136 752 212 803 Unde
224 754 307 804 etiarn
321 754 420 821 tenrplo
433 754 537 805 Triviae
550 754 670 823 lucisque
683 754 794 806 sacratis

134 820 296 888 cornipedes
307 838 430 875 arcentur
442 824 511 891 eqni,
525 825 594 891 qnod
609 822 683 874 litore
696 840 802 875 currum

135 890 168 941 Et
186 890 314 957 juvenem
327 893 451 945 monstris
463 892 550 960 paridi
564 891 684 944 cll'udere
697 892 816 944 inarinis.
932 898 984 946 780

133 958 216 1011 Filius
227 960 353 1011 ardentes
366 960 437 1013 haud
450 962 538 1013 secius
550 977 666 1028 aequore
678 961 767 1029 campi

133 1028 284 1081 Exercebat
297 1046 380 1097 equos
392 1048 523 1099 curruque
536 1032 562 1082 in
576 1029 648 1082 bella
661 1030 762 1081 ruebat.

167 1099 227 1167 lpse
241 1098 308 1150 iuter
320 1101 418 1168 primos
431 1101 572 1169 praestanti
585 1115 691 1167 corpore
704 1100 810 1151 Turnus

132 1168 250 1221 Vertitur
262 1186 337 1221 anna
350 1180 451 1238 tenens,
465 1179 492 1221 et
505 1179 558 1222 toto
570 1170 669 1220 vertice
683 1184 761 1238 supra
774 1177 822 1221 est.

132 1238 180 1290 Cui
193 1238 288 1307 triplici
300 1238 399 1291 crinata
416 1239 481 1309 juba
492 1240 570 1307 galea
582 1239 636 1290 alta
648 1236 818 1291 Chimaeram
932 1245 983 1293 785

132 1306 256 1375 Sustinet,
270 1310 405 1361 Aetnaeos
417 1309 556 1361 etllantem
568 1308 692 1361 saucibus
704 1309 778 1376 ignis,

131 1376 200 1428 Tam
212 1378 299 1445 magis
311 1377 356 1429 illa
369 1378 486 1430 l'remens
498 1387 524 1430 et
538 1378 658 1431 tristibus
670 1377 753 1429 ell'era
765 1376 893 1448 llammiS,

132 1446 219 1503 Quam
231 1448 318 1513 magis
330 1447 416 1498 elluso
428 1447 588 1499 crudescunt
600 1448 728 1515 sataguine
739 1463 854 1515 pugnae.

131 1517 168 1567 At
180 1516 269 1567 levem
281 1515 398 1582 elipeum
411 1515 522 1567 sublatis
534 1516 658 1569 cornibus
670 1516 696 1567 lo

132 1585 203 1635 Auro
215 1584 364 1651 insignibat,
377 1584 433 1653 jam
446 1585 511 1635 setis
522 1584 615 1651 obsita,
628 1584 683 1653 jam
696 1584 753 1653 bos,
930 1590 982 1639 790

131 1655 326 1719 Argumentum
340 1654 439 1721 ingens,
454 1662 481 1703 et
493 1662 582 1705 custos
594 1654 702 1721 virginis
711 1657 806 1723 Argus,

131 1721 291 1789 Caelataque
304 1738 412 1774 amnem
426 1720 542 1773 fundens
551 1730 628 1792 pater
640 1722 756 1775 lnaohus
767 1739 842 1776 urna.

131 1790 283 1869 Insequitur
295 1790 403 1845 nimbus
415 1790 545 1861 peditum,
559 1792 728 1871 clipeataque
741 1792 803 1845 totis

131 1862 248 1927 Agnnna
260 1860 406 1914 densentur
418 1862 528 1930 campis,
542 1864 694 1930 Argivaque
707 1861 793 1930 pubes

132 1932 329 1999 Auruncaeque
341 1948 445 2001 manus,
459 1931 550 1984 Rutuli
562 1942 722 1999 veteresque
734 1930 822 1983 Sicani
932 1936 984 1984 795

133 2000 168 2052 Et
180 2000 309 2053 Sacranae
322 2002 396 2053 acies
407 2010 434 2053 et
446 2001 513 2070 picti
524 2010 601 2053 scuta
613 2000 721 2067 Labici3

133 2068 185 2126 Qui
198 2071 288 2138 saltus,
302 2071 435 2139 Tiberine,
450 2080 517 2139 tuos,
531 2086 690 2139 sacrumque
701 2068 812 2123 Numici

133 2140 209 2193 Litus
221 2150 303 2209 arant,
318 2140 481 2209 Rutulosque
493 2148 619 2192 exercent
632 2155 740 2192 vomere
752 2138 836 2206 collis,

133 2210 326 2278 Circaeumque
337 2208 440 2277 jugum,
453 2208 513 2278 quis
524 2210 627 2276 Jupiter
637 2210 764 2261 Anxurus
774 2207 846 2260 arvis

134 2278 278 2343 Praesidet‚
292 2286 319 2328 et
331 2278 407 2329 viridi
419 2276 540 2343 gaudens
553 2277 664 2328 Feronia
676 2277 753 2345 luco,
933 2280 985 2331 800

133 2348 193 2405 Qua
205 2346 314 2398 Saturae
326 2345 397 2414 jacet
409 2354 466 2396 atra
478 2344 563 2413 palus,
576 2344 735 2463 gelidusque
747 2361 794 2413 per
806 2344 876 2397 imas

133 2415 242 2472 Quaerit
255 2415 305 2465 iter
317 2413 395 2465 vallis
406 2422 432 2463 at
453 2429 487 2464 ue
499 2411 525 2463 iu
540 2428 614 2464 mare
627 2428 676 2463 con
698 2414 748 2464 itur
759 2412 854 2464 Ufens.

166 2484 222 2535 Hos
233 2498 313 2549 super
324 2430 542 2532 Mvenitb'olm
554 2481 589 2532 de
600 2489 680 2547 gente
693 2480 815 2549 Camilla,

132 2554 239 2619 Agmen
251 2566 333 2617 agens
345 2549 470 2617 equitum
482 2556 509 2600 et
522 2548 639 2600 ssorentis
650 2564 712 2599 aere
724 2557 855 2617 catervas,

132 2619 265 2688 Bellatrix,
279 2635 330 2671 non
343 2618 388 2670 illa
399 2618 457 2671 colo
470 2616 616 2670 calathisve
629 2616 770 2670 Minervae
933 2626 986 2675 805

132 2688 276 2742 Femineas
287 2696 397 2742 assueta
408 2704 512 2757 manus,
526 2687 574 2740 sed
586 2686 688 2757 proelia
700 2686 773 2755 virgo

132 2759 206 2811 Dura
217 2759 272 2828 pati
284 2775 416 2829 cursuque
429 2757 528 2827 pedum
542 2767 712 2827 praevertere
725 2764 827 2809 ventos.

132 2828 182 2883 Illa
193 2828 237 2881 vel
251 2830 365 2882 intactae
377 2828 478 2897 segetis
490 2844 539 2898 per
551 2843 658 2880 summa
670 2826 771 2879 volaret

63 2910 981 2937 ———--.—..-.-..-.—.-..g-

93 2955 146 3003 773.
162 2951 251 2999 Phoebi
268 2972 343 3009 ertum,
357 2954 626 3013 Aesculapius-785.
646 2952 799 3000 Chimaeram.
837 2950 885 2999 Sec
907 2960 932 2999 at
952 2950 986 3001 tri.

63 3014 117 3061 286.
126 3014 218 3059 -786,
258 3022 359 3061 cenaeos.
392 3015 439 3061 See
456 3010 750 3066 utviii.419.-789.lo,
764 3009 883 3077 daughter
893 3008 985 3060 ollae·

64 3076 119 3121 clas
138 3076 188 3125 (see
206 3079 229 3115 at
245 3074 308 3126 286),
329 3071 430 3119 beloved
449 3074 481 3131 by
498 3072 603 3129 Jupiter,
622 3070 669 3117 end
686 3068 797 3129 changed
814 3078 865 3117 into
886 3084 901 3117 a
920 3084 984 3127 corr,

64 3128 169 3191 through
178 3126 228 3176 sear
236 3127 265 3175 ol
272 3128 286 3175 J
290 3131 361 3176 uno’s
369 3130 490 3189 jealousy.
515 3130 530 3178 J
534 3146 581 3178 uuo
592 3129 688 3189 begged
698 3128 740 3175 the
749 3143 801 3175 cow
810 3126 985 3187 transactae,

65 3189 112 3239 and
128 3198 166 3237 set
182 3189 273 3247 Argus,
290 3187 331 3234 the
347 3188 540 3248 hundred-eyed‚
558 3198 583 3236 tc
598 3188 678 3235 watch
695 3187 745 3234 her.
777 3186 826 3234 For
841 3186 882 3234 the
898 3201 990 3235 reason

65 3248 124 3311 why
134 3248 233 3296 'sumus
244 3246 290 3293 had
302 3261 332 3292 on
343 3246 382 3293 his
392 3246 471 3293 ehield
482 3249 523 3294 the
535 3248 628 3307 Argivo
639 3245 727 3313 legend
739 3252 931 3307 (argumentatae).
942 3260 985 3300 aea

64 3310 215 3359 ata-796.
231 3306 298 3354 Picti
312 3314 388 3361 serata,
407 3305 448 3351 the
464 3307 601 3353 accusativo
617 3305 646 3353 os
658 3305 892 3372 limitation-7799.
912 3304 975 3369 Qttta

65 3365 162 3425 quibus.
170 3369 255 3414 —eou
267 3365 371 3413 :leuata
383 3380 476 3413 martur.
490 3364 531 3412 tlte
542 3364 680 3413 accusative
691 3364 719 3411 of
731 3363 867 3413 limitation.
