2086 3622
441 162 532 203 urana
555 164 618 204 mn.
926 143 984 201 336

166 289 280 357 Jamque
292 289 360 341 adeo
372 290 474 342 exierat
486 290 568 358 portis
579 290 712 358 equitatus
723 291 829 362 apertis,
925 295 978 347 686

129 362 238 410 Aeneas
251 358 318 410 inter
330 358 428 426 primos
441 368 467 411 et
479 359 549 412 fidus
560 359 686 428 Achates,

129 427 195 478 inde
207 426 253 478 alii
265 426 360 496 Trojae
373 444 508 496 proceres,
527 428 584 496 ipse
596 430 703 496 agmine
717 427 805 480 Pallas

129 495 159 546 In
172 495 269 563 medic,
283 497 427 565 chlamyde
440 506 466 549 et
478 497 556 565 pictis
568 505 726 567 conspectus
738 497 764 550 in
776 497 872 551 armis:

128 562 221 621 Qualis
233 565 280 618 ubi
292 566 390 618 Oceani
404 566 529 633 perfusus
542 566 649 618 Lucifer
661 566 740 634 unda,

128 631 216 690 Quem
228 634 320 687 Venus
332 643 394 687 ante
406 635 472 686 alios
484 642 612 687 astrorum
624 635 711 702 diligit
723 635 798 704 ignis,
927 640 977 688 590

128 702 230 755 Extulit
242 720 272 754 os
285 720 389 756 sacrum
401 703 474 754 coelo
488 703 664 771 tenebrasque
677 704 791 756 resolvit.

128 770 201 822 Stant
213 771 327 838 pavidae
340 772 366 823 in
380 771 462 823 muris
475 780 581 840 matres,
594 771 731 840 oculisque
744 780 891 842 sequuntur

129 838 287 891 Pulveream
300 841 400 892 nubem
413 848 440 892 et
452 840 578 907 fulgentis
590 857 652 891 aere
665 850 795 894 catervas.

128 907 178 960 Olli
191 925 238 976 per
249 908 352 977 dumos,
366 925 419 978 qua
430 925 559 976 proxuma
571 917 644 962 meta
656 909 767 977 viaurm,

127 976 233 1028 Armati
245 978 357 1030 tendunt
364 997 372 1044 3
391 978 409 1030 it
423 979 529 1047 clamor,
543 985 569 1030 et
582 978 689 1046 agmine
702 979 772 1030 lacto
925 983 974 1031 595

128 1045 352 1114 Quadrupedante
365 1057 469 1116 putrem
482 1047 568 1100 sonitu
581 1049 664 1114 quatit
678 1046 776 1115 ungula
788 1064 923 1118 campum.
967 1026 1003 1121 =l-

128 1114 176 1165 Est
188 1115 282 1181 ingens
293 1115 412 1181 gelidum
426 1115 502 1168 lucus
513 1132 594 1184 prope
607 1115 720 1168 Caeritis
730 1133 847 1187 amnem,
980 1124 985 1147 ¹

126 1181 263 1249 Religione
276 1192 381 1252 patrum
393 1185 446 1236 late
459 1201 534 1236 sacer
541 1202 548 1253 5
569 1183 684 1252 undique
696 1184 778 1236 colles

127 1251 261 1303 inclusere
273 1252 333 1305 cavi
345 1264 371 1304 et
383 1254 457 1320 nigra
469 1269 565 1305 nemus
576 1252 665 1304 abiete
678 1252 795 1320 cingunt.

127 1319 232 1372 Silvano
244 1319 317 1372 lama
329 1330 369 1372 est
384 1322 480 1373 veteris
492 1336 611 1372 sacrasse
623 1320 757 1388 Pelasgos,
923 1325 974 1374 600

126 1391 256 1441 Arvorum
269 1391 424 1458 pecorisque
436 1389 495 1459 deo,
508 1390 652 1458 lucumque
664 1389 799 1459 diemque,

126 1457 177 1514 Qui
189 1457 267 1526 primi
279 1458 341 1510 finis
352 1459 387 1511 ali
408 1458 494 1511 uando
507 1458 625 1512 habuere
638 1458 754 1510 Latinos.

126 1526 204 1579 Haud
216 1527 305 1596 procul
318 1526 381 1580 hinc
416 1526 496 1580 archo
508 1536 536 1580 et
548 1525 679 1596 Tyrrheni
693 1536 749 1580 tuta
763 1525 890 1581 tenebant

125 1595 216 1647 Castra
228 1595 300 1665 locis,
314 1597 438 1666 celsoque
451 1598 538 1649 omnis
550 1596 584 1648 de
597 1595 664 1648 colle
677 1596 761 1649 videri

125 1665 186 1716 Jam
199 1674 301 1734 poterat
313 1665 389 1737 legio,
404 1677 430 1718 et
443 1666 504 1718 latis
517 1665 643 1719 tendehat
655 1665 682 1718 in
694 1665 773 1718 arvis.
921 1667 972 1717 605

126 1733 186 1786 Huc
196 1743 272 1802 pater
283 1737 390 1788 Aeneas
402 1744 429 1787 et
440 1734 511 1788 bello
524 1735 595 1787 lecta
604 1733 732 1803 juventus

126 1802 283 1871 Succedunt,
297 1803 415 1872 fessique
428 1814 454 1856 et
467 1821 550 1873 equos
561 1812 588 1856 et
602 1820 708 1872 corpora
721 1809 822 1856 curant.

159 1873 195 1923 At
208 1872 298 1923 Venus
310 1871 442 1924 aetherios
453 1873 521 1925 inter
534 1873 585 1924 dea
597 1872 711 1924 candida
722 1872 828 1925 nimbos

127 1941 200 1991 Dona
212 1939 301 1992 ferens
312 1941 419 2008 aderat,
438 1949 583 2009 natumque
595 1942 622 1992 in
634 1940 704 1992 valle
718 1940 827 1992 reducta

125 2007 160 2060 Ut
173 2008 266 2076 procul
278 2017 304 2060 et
316 2009 404 2076 gelido
417 2017 552 2062 secretum
564 2009 675 2062 flumine
688 2009 760 2076 vidit,
921 2012 972 2061 610

125 2076 236 2129 Talibus
247 2077 329 2129 allata
342 2086 383 2130 est
395 2078 481 2146 dictis,
495 2095 578 2146 seque
590 2077 684 2131 obtulit
696 2077 779 2130 ultro:

127 2146 182 2198 ‘En
195 2145 314 2214 perlecta
325 2147 379 2199 mei
391 2147 521 2216 promissa
532 2144 654 2215 conjugis
665 2157 722 2198 arte

124 2215 254 2283 Munera,
273 2233 307 2266 ne
319 2231 382 2268 mort
394 2225 439 2269 aut
451 2216 598 2284 Laurentis,
612 2224 682 2284 nate,
697 2213 832 2285 superbos,

124 2286 178 2335 Aut
191 2301 281 2337 acrem
293 2283 401 2338 dubites
415 2286 441 2338 in
454 2283 552 2354 proelia
563 2301 674 2354 poscere
686 2284 823 2338 'fumum’

125 2353 196 2406 Dixit
208 2361 235 2405 et
247 2353 388 2423 amplexus
399 2354 453 2407 nati
465 2353 598 2423 Cytherea
610 2353 703 2422 petivit
709 2370 718 2423 3
917 2355 968 2405 616

124 2424 208 2475 Arma
221 2422 271 2476 sub
282 2422 395 2477 adversa
406 2424 492 2493 posuit
504 2423 635 2475 radiantia
646 2439 755 2492 quercu.

123 2491 178 2559 Ille,
192 2491 261 2545 deae
272 2493 349 2545 donis
360 2501 387 2546 et
400 2501 471 2546 tanto
484 2492 571 2545 laetus
582 2491 687 2559 honore,

124 2561 232 2630 Expleri
245 2563 337 2631 nequit
349 2572 429 2632 atque
441 2562 532 2616 oculos
543 2578 592 2631 per
605 2561 710 2630 singula
721 2558 812 2630 volvit,
890 2581 892 2585 ·

121 2629 288 2699 Miraturque
301 2631 424 2700 interque
437 2648 533 2684 manus
544 2640 571 2684 et
581 2631 693 2684 brachia
704 2637 792 2683 versat

123 2698 281 2751 Terribilem
294 2700 380 2752 cristis
391 2700 497 2766 galeam
510 2700 687 2768 flammasque
699 2707 860 2766 vomentem,
917 2699 969 2748 620

123 2766 323 2835 Fatilemmque
336 2784 437 2835 ensem,
451 2768 559 2821 loricam
571 2785 605 2820 ex
617 2784 679 2819 aere
692 2767 830 2834 rigentem,

82 2907 135 2952 589.
147 2904 252 2966 Occisa.
270 2905 316 2953 See
328 2914 352 2953 at
364 2905 387 2952 ii.
400 2909 548 2953 sot-596.
566 2905 621 2953 The
632 2904 710 2952 sound
721 2903 826 2964 echoing
836 2903 878 2952 the
888 2875 969 2953 sense.

53 2964 100 3012 See
112 2973 136 3010 at
146 2964 187 3011 vii.
199 2967 347 3012 stt-597.
362 2964 472 3012 Caeritis.
505 2965 552 3011 See
563 2979 586 3023 p.
598 2967 651 3020 292,
665 2964 713 3010 line
723 2966 761 3010 29.
769 2965 859 3011 -599.
877 2962 967 3020 Abieta,

53 3025 121 3072 three
133 3022 259 3082 syllables,
273 3025 465 3082 {thyma—600.
483 3023 592 3077 Silvano,
605 3038 636 3070 an
652 3022 795 3082 indigenous
810 3021 875 3070 rural
890 3021 966 3128 deity,

52 3081 177 3131 identified
187 3082 254 3129 often
265 3082 325 3129 with
336 3082 377 3129 the
388 3081 471 3128 Greek
480 3081 540 3130 Pan.
566 3082 691 3143 Pelasgos.
714 3081 791 3148 Virgil
802 3080 868 3136 here,
881 3080 936 3128 sort
955 3097 969 3128 e

50 3141 110 3200 only
119 3141 186 3196 time,
200 3157 257 3188 uses
269 3141 317 3188 this
328 3140 395 3188 word
407 3150 432 3187 to
443 3140 546 3189 indicate
558 3141 599 3188 the
611 3140 677 3200 eurly
688 3139 836 3187 inhabrtants
852 3138 880 3186 ol
892 3138 965 3198 Italy,

51 3198 109 3249 who
125 3215 164 3247 ure
181 3200 302 3258 supposed
318 3209 343 3247 to
359 3199 420 3246 have
432 3214 523 3259 sprung
532 3198 594 3246 from
605 3200 647 3247 the
658 3214 725 3246 same
737 3213 849 3246 common
859 3197 931 3244 stock
941 3213 968 3246 as

51 3259 93 3309 the
106 3257 210 3306 Greeks.
242 3258 383 3306 Elsewhere
394 3256 467 3305 Pelas
486 3261 495 3306 i
505 3258 565 3306 with
576 3258 627 3306 him
643 3259 663 3306 is
674 3257 788 3306 identical
799 3255 859 3303 with
871 3255 966 3304 Graeci.

51 3320 136 3365 2-610.
147 3316 181 3365 Et
195 3319 281 3379 gelido.
315 3317 406 3365 Others
421 3276 484 3365 resi
495 3320 591 3386 egelido.
622 3317 749 3373 Secretum,
762 3317 792 3363 ab
804 3314 866 3370 aliis,
879 3314 962 3366 solum

86 3378 140 3424 618.
153 3375 253 3438 Expleri
263 3378 344 3437 aeq-uit
356 3375 454 3434 tuendo,
467 3380 592 3425 11111265.
