2078 3622
393 180 484 220 LIBER
506 179 556 219 vlt.

80 308 272 379 Tyrrhenoque
285 308 369 362 boves
381 309 407 362 in
420 308 532 362 flumine
543 308 609 362 lavit
622 310 722 361 Iberas.

78 378 758 450 Hammmmmoeffmffiwfflwmms

79 451 113 503 Et
126 450 202 501 tereti
215 457 334 518 pugnant
345 464 473 500 mucrone
487 465 605 516 veruque
619 447 733 500 Sabello.
883 457 934 505 666

78 520 139 587 Ipse
152 519 244 588 pedes,
256 527 382 585 tegumen
395 526 521 586 torquens
533 518 651 570 immune
664 518 756 589 leonia,

78 588 200 641 Terribili
213 589 354 657 impexum
367 594 432 655 seta,
446 603 509 638 cum
522 586 649 639 dentibus
661 588 730 641 albis

77 658 190 710 Indutus
201 658 290 726 capiti,
305 657 344 708 sic
357 657 431 723 regia
444 666 515 707 tecta
528 657 643 726 subibat,

77 727 210 796 Horridus,
225 726 412 792 Herculeoque
425 728 550 778 humeros
562 727 676 779 innexus
688 728 797 780 amictu.

113 797 182 848 Tum
196 795 298 864 gemini
310 795 323 847 l
324 803 405 846 ratres
416 794 538 847 Tiburtia
550 797 657 848 moenia
669 796 799 867 linquunt,
880 804 931 851 670

78 865 177 918 Fratris
189 865 293 918 Tiburti
305 864 404 916 dictam
417 864 574 932 cognomine
585 875 703 935 gentem,

77 935 240 1004 Catillusque
252 950 369 1003 acerque
382 933 469 1001 Coras,
483 935 584 1002 Argiva
595 934 730 1004 juventus,

77 1005 111 1056 Et
124 1005 239 1073 primam
251 1013 313 1056 ante
326 1004 415 1056 aciem
427 1004 511 1056 densa
523 1005 592 1056 inter
604 1006 659 1057 tela
671 1005 806 1058 feruntur:

77 1074 133 1127 Ceu
146 1073 198 1126 duo
212 1074 362 1141 nubigenae
375 1090 437 1126 cum
450 1074 550 1126 vertice
562 1076 661 1128 montis
672 1074 707 1127 ab
719 1075 772 1126 alto

78 1143 251 1196 Descendunt
264 1143 396 1212 Centauri,
406 1143 535 1196 Homolen
548 1143 714 1223 Othrquue
727 1143 845 1197 nivalem
877 1149 928 1198 675

77 1213 241 1282 Linquentes
252 1230 331 1266 cursu
345 1213 453 1282 rapido,
470 1212 516 1265 dat
529 1214 655 1266 euntibus
667 1230 761 1280 ingens

77 1282 148 1334 Silva
160 1283 256 1352 locum,
270 1293 297 1335 et
309 1299 406 1350 magno
419 1282 519 1335 cedunt
531 1282 645 1351 virgulta
657 1282 770 1350 fragore.

111 1353 170 1404 Nec
182 1353 370 1405 Praenestinae
384 1351 507 1404 fundator
519 1350 604 1404 defuit
616 1350 696 1420 urhis,

76 1421 196 1474 Vulcano
207 1423 330 1490 genitum
343 1438 439 1491 peoora
451 1421 519 1473 inter
530 1421 645 1490 agrestia
657 1436 748 1489 regem

76 1490 272 1562 Inventumque
285 1490 352 1544 locis
364 1491 451 1543 omnis
463 1507 545 1560 quem
557 1490 669 1543 credidit
681 1499 763 1560 aetas,
878 1496 929 1546 680

77 1560 217 1614 Caeculus.
254 1563 332 1614 Hunc
344 1560 413 1629 legio
425 1560 479 1613 late
492 1560 633 1614 comitatur
644 1561 757 1629 agrestis
764 1577 771 1629 5

77 1629 183 1699 Quique
195 1631 279 1684 altum
292 1632 438 1684 Praeneste
450 1630 507 1700 viri,
520 1632 620 1701 quique
632 1647 696 1683 arva
709 1630 833 1684 Gabinae

76 1700 92 1752 J
95 1700 187 1752 ononis
198 1701 374 1770 gelidumque
387 1701 523 1754 Anienem
535 1710 562 1753 et
574 1701 678 1754 roscida
691 1700 755 1753 rivis

77 1769 194 1821 Hernica
206 1788 270 1823 saxa
282 1771 373 1823 colunt
380 1786 388 1838 3
406 1786 474 1839 quos
486 1770 562 1822 dives
573 1769 697 1838 Anagnia
709 1771 802 1839 pascit,

77 1837 157 1907 Quos,
170 1842 307 1892 Amasene
320 1848 403 1908 pater.
439 1841 501 1892 Non
513 1839 565 1891 illis
576 1839 702 1891 omnibus
714 1856 798 1907 arma,
878 1844 930 1893 685

77 1908 136 1959 Nec
149 1909 229 1977 clipei
242 1925 368 1961 currusve
381 1917 490 1976 sonant,
508 1923 571 1976 pars
582 1908 702 1960 maxima
713 1908 826 1975 glandes

77 1977 197 2030 Liventis
209 1977 313 2047 plumbi
326 1977 441 2046 spargit,
460 1993 522 2046 pars
533 1976 636 2046 spicula
647 1985 736 2043 gestat

77 2046 145 2099 Bina
156 2064 255 2113 manu,
274 2046 414 2114 fulvosque
427 2046 483 2114 lupi
495 2044 529 2097 de
541 2045 614 2115 pelle
625 2045 731 2112 galeros

77 2117 199 2185 Tegmen
212 2115 313 2168 habent
326 2114 421 2184 capiti,
439 2114 552 2182 vestigia
564 2114 636 2168 nuda
648 2114 746 2168 sinistri

77 2185 220 2239 instituere
232 2183 326 2254 pedis,
344 2184 443 2237 crudus
456 2185 521 2252 tegit
533 2184 617 2236 altera
628 2200 701 2253 pero.
879 2189 932 2239 600

112 2259 149 2308 At
160 2255 313 2324 Messapus,
328 2270 429 2323 equum
441 2252 563 2321 domitor,
576 2255 714 2323 Neptunia
726 2254 824 2324 proles,

79 2325 168 2383 Quem
181 2340 269 2394 neque
282 2323 323 2377 fas
334 2323 390 2392 igni
402 2324 528 2394 cuiquam
539 2341 591 2377 nec
604 2334 721 2377 sternere
734 2323 812 2395 leno,

78 2396 140 2448 Jam
152 2393 258 2464 pridem
270 2392 373 2447 resides
385 2395 496 2464 populos
507 2394 673 2464 desuetaque
685 2393 756 2448 bello

78 2466 196 2533 Agmina
208 2465 236 2517 in
247 2481 322 2517 arma
335 2471 412 2517 vocat
424 2463 519 2534 subito,
533 2463 688 2535 ferrumque
700 2473 835 2519 retractat.

78 2533 111 2586 Hi
124 2534 305 2587 Fescenninas
316 2533 390 2587 acies
401 2536 442 2587 Ae
462 2551 563 2604 uosque
576 2535 703 2604 Faliscos,
877 2540 927 2588 695

79 2603 114 2656 Hi
126 2603 239 2656 Soractis
251 2603 351 2657 habent
364 2620 440 2656 arces
475 2604 628 2673 laviniaque
640 2622 711 2673 arva,

79 2672 114 2725 Et
126 2674 221 2726 Cimini
233 2690 297 2726 oum
309 2681 400 2726 monte
412 2674 501 2726 lacum
514 2674 641 2742 lucosque
654 2673 783 2741 Capenos.

79 2741 157 2795 Ibant
168 2743 276 2812 aequati
289 2759 408 2812 numero,
422 2759 567 2810 regemque
581 2741 727 2794 canebant:

79 2812 136 2864 Ceu
146 2812 282 2881 quondam
294 2812 367 2865 nivei
380 2811 480 2881 liquida
492 2811 560 2863 inter
572 2810 662 2863 nubila
675 2808 753 2878 cycni

79 2880 147 2935 Cum
160 2898 249 2935 sesee
281 2894 340 2934 astu
354 2881 470 2933 referunt
483 2890 510 2932 et
522 2879 601 2948 longa
613 2878 722 2932 canoros
883 2882 931 2931 700

79 2899 289 3073 gafilperrffllla
301 2952 407 3019 modos,
426 2959 501 3001 sonat
513 2950 601 3002 amnis
613 2958 640 3002 et
653 2949 718 3002 Asia
731 2947 808 3017 longe

102 3036 118 3072 u
170 3036 256 3090 mm

38 3132 92 3181 665.
108 3129 182 3179 Vero.
209 3131 256 3179 See
266 3141 289 3180 at
302 3132 386 3193 Georg.
397 3131 421 3177 ii.
432 3132 484 3183 167,
498 3130 815 3180 168.-675.Hmnoteaod
830 3130 890 3177 Otlrr
906 3146 928 3183 e,

23 3202 90 3241 tm
100 3189 129 3238 ol
136 3188 269 3250 Thessaly,
283 3190 365 3238 where
376 3187 453 3236 dwclt
465 3187 507 3235 the
520 3186 649 3245 Centaure,
662 3189 760 3238 soncos
771 3189 850 3236 Ixion.
901 3202 930 3235 ee

23 3248 82 3299 tvi.
94 3252 249 3297 asu-688.
274 3250 348 3304 Bina,
362 3248 422 3295 with
440 3247 472 3294 its
489 3261 575 3307 proper
591 3248 662 3304 sorm,
675 3249 702 3296 ol
715 3259 766 3295 two
782 3258 807 3295 to
824 3245 931 3313 eoch.7-

23 3308 64 3359 85·
79 3308 180 3357 Hi-hi.
211 3308 260 3356 See
271 3320 295 3356 at
306 3312 360 3365 tat,
371 3309 509 3354 soa-698.
526 3307 630 3368 Aequam·
638 3325 734 3355 numero
742 3321 822 3353 seems
832 3314 857 3353 to
869 3304 931 3355 relat·

23 3366 108 3417 etheit
119 3366 190 3426 equal
202 3378 256 3426 step
268 3378 292 3415 to
304 3368 345 3414 the
356 3366 434 3415 sound
445 3365 473 3414 ol
480 3365 604 3414 musle-
612 3370 664 3415 701.
681 3365 775 3412 Amnis.
800 3362 855 3413 The
864 3362 929 3426 Cay-

23 3436 67 3477 m·
88 3426 136 3475 See
146 3438 169 3474 at
179 3427 264 3487 Georg.
272 3427 301 3472 iv.
311 3430 362 3474 343.
385 3426 448 3473 This
457 3425 554 3472 tractos
561 3436 662 3484 country
671 3420 797 3472 abounded
807 3422 830 3472 in
840 3438 929 3473 ewons.

44 3494 49 3501 '
114 3491 148 3538 27
475 3491 515 3539 96
