2086 3622
459 178 552 217 LIBER
573 178 599 217 V.

139 304 190 357 Vel
203 304 337 373 tu-quod
351 305 602 373 superest-infesto
614 305 727 357 fulmine
740 306 829 376 Morti,

140 373 166 425 Si
180 390 290 442 mereor,
303 374 424 439 demitte,
439 383 537 441 tuaque
551 375 594 426 hic
606 375 687 426 obrue
700 375 811 426 deutra.²

139 443 191 494 Vix
203 442 271 494 haec
284 443 411 510 ediderat,
425 461 488 495 cum
501 444 594 494 effusis
608 444 736 495 imbribus
748 452 804 494 atra

137 511 297 578 Tempestas
309 513 366 563 sine
378 529 452 563 more
465 512 533 578 furit,
549 513 697 578 tonitruque
712 520 873 564 tremescunt

138 580 229 631 Ardua
242 589 369 632 terrarum
382 590 409 632 et
422 581 526 648 campi;
547 581 596 632 ruit
609 581 716 631 aethere
731 590 782 631 toto
934 587 984 635 695

138 649 272 701 Turbidus
283 650 370 702 imber
381 667 451 717 aqua
464 649 607 716 densisque
620 649 779 715 nigerrimus
791 650 904 720 austris3

137 718 336 786 Implenturque
349 735 427 786 super
439 734 558 785 puppes3
577 720 706 769 semiusta
717 718 873 770 madescunt

137 787 256 852 Robora;
276 788 418 838 restinctus
430 788 515 838 donec
528 803 607 854 vapor
619 787 712 854 omnic,
727 797 753 838 et
766 803 866 851 omnes,

137 854 256 914 Quatuor
267 856 380 923 amissis,
395 864 515 907 servatae
527 872 544 906 a
555 865 631 922 peste
643 857 757 908 carinae.

172 926 207 976 At
220 933 294 992 pater
306 926 420 994 Aeneas,
434 941 497 976 casu
511 941 654 976 concussus
666 925 768 992 acerbo,
933 930 985 979 700

137 992 216 1044 Nunc
228 993 282 1045 huc
295 994 409 1061 ingentis
430 1010 500 1045 nunc
514 993 577 1046 illuc
589 1005 697 1062 pectore
710 1011 788 1047 curas

137 1061 262 1113 Mutabat
274 1080 390 1130 versans,
405 1033 535 1114 bientisne
549 1064 675 1114 resideret
687 1063 764 1132 arvis,

138 1129 242 1180 Oblitus
254 1131 375 1198 latorum,
389 1131 504 1183 Italasne
516 1141 667 1198 capesseret
680 1149 747 1183 oras.

137 1197 208 1249 Tum
221 1199 307 1250 senior
318 1201 428 1267 Nautes,
442 1217 526 1251 unum
539 1200 658 1251 Tritonia
670 1201 758 1252 Pallas

138 1266 225 1323 Quem
238 1267 328 1319 docuit
340 1268 478 1335 multaque
491 1269 622 1334 insignem
636 1268 750 1319 reddidit
762 1277 827 1337 arte,
933 1274 983 1322 705

137 1334 212 1386 Haec
224 1351 349 1404 responsa
361 1335 451 1404 dabat,
464 1338 507 1387 vel
520 1352 590 1403 quae
603 1337 770 1404 portenderet
783 1338 822 1389 ira

136 1403 239 1471 Magna
251 1404 341 1474 deum,
351 1405 396 1457 vel
408 1421 476 1474 quae
489 1404 603 1457 fatorum
615 1414 734 1473 posceret
746 1405 808 1458 ordo
815 1421 823 1475 3

136 1472 216 1541 Isque
228 1472 271 1526 his
283 1475 394 1526 Aenean
407 1473 507 1527 solatus
518 1474 628 1526 vocibus
640 1475 713 1527 infit:

138 1542 222 1594 ‘Nate
235 1543 294 1613 dea,
308 1560 360 1613 quo
372 1542 428 1596 iata
441 1543 545 1596 trahunt
558 1543 753 1613 retrahuntque,
768 1562 928 1615 sequamur3

138 1611 274 1679 Quidquid
288 1613 344 1682 erit,
359 1613 508 1680 superanda
519 1613 606 1665 omnis
618 1613 722 1666 fortuna
734 1613 844 1667 ferendo
856 1624 906 1668 est.
932 1619 983 1668 710

140 1681 186 1733 Est
198 1682 246 1733 tibi
259 1681 409 1734 Dardanius
420 1681 526 1735 divinae
538 1683 627 1750 stirpis
639 1685 767 1735 Acestes:

136 1749 212 1802 Hunc
224 1768 291 1819 cape
303 1751 419 1804 consiliis
431 1752 533 1804 socium
545 1761 572 1804 et
584 1751 714 1820 conjunge
728 1753 879 1822 volentem5

137 1817 207 1871 Huic
219 1820 301 1889 trado,
314 1821 422 1872 amissis
433 1829 558 1889 superant
571 1821 617 1888 qui
630 1821 749 1890 navibus,
764 1831 791 1873 et
802 1839 869 1890 quoe

137 1886 293 1941 Pertaesum
305 1889 396 1956 magni
409 1889 509 1958 incepti
521 1906 662 1957 rerumque
675 1899 781 1942 tuarum
794 1900 842 1960 est,

137 1956 278 2024 Longaevo
312 1974 346 2009 ue
358 1974 438 2009 senes
448 1975 481 2009 ac
493 1957 578 2011 fessas
588 1974 703 2025 aequore
716 1967 833 2026 matres;
931 1964 983 2012 715

137 2025 171 2077 Et
184 1974 314 2094 quidquid
326 2036 417 2078 tecum
430 2025 575 2078 invalidum
587 2037 764 2095 metuensque
776 2028 870 2096 pericli
883 2036 931 2098 est,

138 2094 239 2163 Delige‚
253 2104 280 2146 et
292 2093 335 2147 his
346 2094 463 2147 habeant
474 2096 551 2146 terris
563 2095 621 2147 sine
633 2096 739 2160 moenia
751 2096 832 2165 fessi3

139 2162 237 2215 Urbem
249 2163 421 2232 appellabunt
434 2163 564 2233 permisso
576 2164 684 2216 nomine
697 2167 843 2219 Acestam!

170 2232 282 2286 Talibus
294 2233 419 2287 incensus
431 2231 511 2285 dictis
523 2233 633 2285 senioris
644 2233 724 2286 amici
731 2250 739 2302 3

138 2299 207 2355 Turn
219 2318 282 2355 vero
293 2300 322 2355 in
333 2317 412 2355 curas
422 2303 512 2355 animo
524 2301 657 2355 diducitur
669 2304 763 2373 omnis,
933 2308 984 2358 720

139 2370 172 2423 Et
182 2372 245 2425 Nox
254 2380 312 2425 atra
322 2370 414 2442 polum
427 2370 498 2439 bigis
508 2372 639 2425 subvecta
651 2372 775 2426 tenebat:

139 2440 199 2493 Visa
210 2440 309 2495 debinc
320 2440 395 2495 coelo
407 2441 492 2494 facies
503 2441 614 2510 delapsa
625 2441 742 2510 parentis

139 2509 271 2563 Anchisae
282 2509 369 2563 subito
381 2510 443 2564 talis
454 2510 594 2564 effundere
606 2526 700 2565 voces:

135 2578 231 2649 ‘Nate,
244 2579 311 2647 milri
323 2580 379 2633 vita
389 2579 534 2650 quondam,
546 2581 612 2633 dum
623 2580 679 2632 vita
692 2580 826 2652 manebat,

133 2648 201 2701 Care
212 2649 403 2719 magia-nate,
416 2648 505 2703 Iliacis
517 2651 633 2702 exercite
647 2648 714 2718 latis,
932 2655 983 2703 725

66 2746 125 2767 pae·

94 2806 147 2853 691.
167 2804 237 2864 Quod
251 2822 281 2852 aa
297 2814 366 2853 areat.
397 2805 477 2853 Death
493 2822 544 2853 was
560 2807 602 2854 the
613 2807 671 2865 only
681 2807 816 2867 remaining
830 2808 982 2867 alternative,

63 2863 126 2913 efter
137 2863 179 2910 the
191 2863 241 2910 loss
251 2879 267 2911 ο
290 2864 332 2911 the
344 2863 420 2922 ships,
433 2865 480 2912 and
492 2865 522 2912 he
534 2880 605 2923 prays
617 2865 669 2911 that
681 2866 699 2911 it
710 2881 767 2924 may
778 2881 847 2914 come
858 2867 983 2928 instantly.

66 2923 153 2971 -697,
170 2921 298 2970 Sentinate.
331 2921 377 2969 See
394 2932 418 2969 et
434 2923 623 2972 ittera-704.
645 2923 731 2971 Uarrm.
764 2924 811 2972 See
828 2926 843 2972 i.
857 2929 893 2973 15.
929 2927 982 2976 Tm·-

63 2983 138 3029 enta.
166 2980 214 3028 See
225 2980 248 3027 ri.
263 2984 314 3030 171.
341 2980 396 3028 The
407 2999 467 3042 gens
478 2981 584 3029 Nautica
596 2982 642 3029 lind
653 2983 677 3029 in
690 2982 768 3030 Rome
780 3000 794 3030 a
805 2985 894 3044 charge
905 2987 930 3032 in
941 2987 983 3034 the

62 3037 155 3087 worshr
180 3038 209 3087 os
221 3038 435 3088 Minerva-706.
452 3040 527 3097 Haec,
542 3041 597 3087 ‘the
610 3040 752 3102 lollowing‚’
766 3041 882 3104 referring
893 3053 918 3091 to
927 3049 981 3101 709,

64 3097 114 3147 Aac.
142 3055 237 3205 θυαμ·
255 3099 319 3147 circa
333 3113 362 3146 ea
377 3114 443 3158 qaae.
477 3098 532 3146 The
548 3100 714 3158 subjunctives
731 3101 800 3149 mark
815 3101 867 3149 that
886 3102 982 3150 Nautes

62 3154 141 3205 screto
178 3157 220 3205 tlie
231 3168 317 3206 events
328 3157 353 3204 in
364 3173 460 3204 anewer
470 3167 495 3204 to
507 3158 621 3216 inquiries
633 3160 703 3207 made
714 3168 737 3207 et
750 3161 808 3208 him.
841 3161 914 3208 Some
926 3162 983 3210 read

63 3214 122 3269 Hie.
133 3215 214 3264 which
225 3232 306 3264 seems
317 3216 457 3275 preferable.
466 3220 555 3265 -713,
572 3217 702 3279 Superum,
713 3228 850 3277 supersunt.
868 3220 915 3266 See
927 3224 981 3275 519,

64 3273 89 3323 ii.
103 3276 159 3332 643,
174 3274 227 3324 Eat.
243 3276 276 3323 ix.
293 3280 432 3325 27.-717.
449 3275 560 3323 Habeant
576 3279 636 3324 sine.
674 3277 721 3325 See
740 3281 886 3326 ree-718.
904 3277 982 3338 virgil

57 3332 152 3383 nabes
168 3334 276 3383 Acestes
292 3334 334 3382 the
350 3350 501 3395 eponymous
517 3335 575 3382 hero
592 3335 620 3382 ol
632 3336 674 3384 the
691 3345 757 3383 town
772 3335 801 3383 of
813 3337 932 3396 Aegeate,
950 3352 978 3386 or

64 3390 180 3455 busta,
192 3392 218 3441 in
227 3393 269 3442 the
280 3393 427 3442 north-west
438 3394 467 3442 os
480 3393 565 3452 Sicily.
573 3399 664 3443 -702,
682 3395 776 3442 Dehinc.
