2086 3622
78 156 118 213 dd
449 168 633 209 ouonurcorr.

144 297 288 366 Tardaque
300 296 445 351 Eleusinae
456 296 550 349 matris
561 294 696 348 volventia
706 293 835 365 plaustra,

147 366 319 435 Tribulaque,
331 365 503 434 traheaeque,
516 377 544 417 et
555 366 646 434 iniquo
657 365 776 434 pondere
787 363 885 435 rastri,

147 436 245 504 Virgea
257 444 395 505 praeterea
406 434 481 487 Celei
493 435 608 503 vilisque
620 433 751 503 supellex.

147 505 284 558 Arbuteae
296 514 384 557 crates
395 512 421 555 et
433 505 549 572 mystica
561 520 665 556 rannus
675 488 775 556 laoohi.

147 575 243 628 Omnia
254 591 323 643 quae
335 573 418 626 multo
430 584 493 624 ante
505 589 609 625 memor
619 574 725 641 provisa
735 588 858 643 repones

147 645 174 697 Si
188 653 214 695 te
227 645 307 711 digna
318 650 410 695 manet
422 642 513 694 divina
524 642 607 709 gloria
619 643 693 694 ruris.

146 714 276 765 Continuo
287 714 314 764 in
327 712 401 764 silvis
412 728 510 778 magna
522 713 548 764 ri
561 712 632 764 flexa
643 710 768 763 domatur

148 783 177 835 ln
190 782 287 849 burim,
300 791 327 833 et
340 781 413 833 curvi
425 781 539 832 sormam
551 781 649 849 accipit
660 780 752 832 ulmus
762 781 853 834 aratri.

147 852 216 903 Huic
228 851 263 902 ab
275 853 357 920 stirpe
368 850 454 920 pedes
465 858 537 902 terno
549 858 687 919 protentus
698 850 725 902 in
736 856 805 920 octo,

148 921 230 973 Binae
243 938 328 988 aures,
342 920 443 989 duplici
455 927 579 988 aptantur
589 919 708 971 dentalia
718 919 806 971 dorso.

148 990 273 1042 Caeditur
285 1000 311 1040 et
325 990 380 1041 tilia
391 998 454 1041 ante
464 989 528 1057 jugo
540 989 615 1057 levis,
627 989 737 1057 altaque
748 988 836 1059 sagus,

147 1059 280 1127 Stimque,
293 1076 364 1128 quae
376 1075 470 1110 cursus
480 1075 497 1110 a
509 1066 583 1126 tergo
595 1066 715 1128 torqueat
725 1058 811 1111 imos:

149 1129 184 1181 Et
196 1145 326 1196 suspensa
337 1128 405 1180 iocis
416 1128 535 1197 explorat
548 1128 641 1180 robora
652 1127 753 1180 fumus.

183 1198 296 1250 Possum
308 1198 393 1250 multa
406 1197 453 1251 tibi
465 1207 588 1250 veterum
599 1208 744 1266 praecepta
755 1196 864 1268 referre,

148 1268 174 1320 N
176 1268 184 1319 i
197 1266 304 1336 refugis,
318 1268 460 1336 tenuisque
472 1267 546 1336 piget
557 1283 718 1334 cognoscere
729 1282 816 1319 curas.

148 1340 219 1389 Area
230 1354 292 1390 cum
305 1338 398 1407 primis
409 1338 510 1404 ingenti
521 1336 664 1404 aequanda
674 1335 804 1416 cylindro,

149 1407 185 1458 Et
197 1407 325 1458 vertenda
336 1424 427 1474 mauu,
440 1414 466 1457 et
478 1415 551 1458 creta
564 1403 703 1458 solidanda
713 1414 812 1475 terram,

148 1476 192 1528 Ne
204 1476 315 1527 subeant
328 1475 435 1541 herbae,
449 1493 501 1527 neu
514 1475 624 1543 pulvere
636 1475 708 1527 victa
719 1473 834 1545 fatiscat,

149 1545 220 1596 Turn
233 1545 320 1595 variae
333 1545 446 1597 illudant
493 1555 564 1597 stes:
584 1561 667 1614 saepe
678 1545 867 1612 exiguusmus

149 1614 203 1665 Sub
215 1614 293 1665 terris
304 1614 446 1682 posuitque
457 1561 552 1666 ddmos
563 1623 644 1683 atquo
656 1613 751 1667 horrea
761 1613 842 1684 leoit3

149 1686 204 1734 Aut
216 1680 302 1733 oculis
313 1684 384 1751 capti
396 1683 487 1735 fodere
498 1682 598 1735 cubilia
610 1683 715 1752 talpae,

149 1751 262 1804 inventu
298 1768 331 1803 ue
343 1753 417 1805 cavia
428 1752 501 1820 bulo,
515 1762 542 1805 et
554 1770 625 1822 quae
637 1752 752 1822 plurima
762 1759 851 1805 terrae

149 1821 270 1873 Monstra
290 1831 381 1890 erunt,
393 1822 555 1891 populatque
565 1823 703 1891 ingentem
711 1822 789 1875 larris
798 1838 931 1878 acervum
952 1828 999 1878 tas

149 1889 280 1958 Curculio,
294 1898 375 1959 atque
388 1892 459 1960 inopi
470 1901 596 1945 metuens
607 1891 718 1945 sonnioa
729 1900 867 1944 senectae.

185 1959 382 2029 Contemplator
393 1962 466 2029 item,
480 1978 544 2013 curn
556 1978 586 2013 se
598 1978 653 2014 nux
664 1961 780 2031 plurima
790 1961 868 2014 silvis

149 2029 244 2082 luduet
256 2030 285 2082 in
296 2031 397 2101 florem,
410 2039 438 2083 et
450 2047 538 2083 ramos
549 2032 671 2084 curvabit
682 2030 794 2083 olentis:

148 2099 174 2151 Si
187 2110 312 2168 superant
325 2101 402 2170 setus,
415 2101 514 2169 pariter
525 2099 659 2153 frumenta
670 2107 824 2169 sequentur,

148 2169 304 2237 Magnaque
316 2186 380 2223 curn
391 2186 489 2238 magno
501 2170 591 2222 veniet
604 2170 697 2222 tritura
708 2168 813 2238 calore,
953 2175 1001 2224 1⁹⁰

148 2240 184 2290 At
196 2239 218 2289 si
231 2239 335 2290 luxuria
347 2239 468 2290 foliorum
481 2238 610 2291 exuberat
622 2238 726 2308 umbra,

148 2307 338 2375 Nequidquam
352 2308 460 2376 pinguis
472 2307 549 2375 palea
561 2316 629 2360 teret
641 2325 705 2360 area
715 2307 829 2360 culmos.

182 2375 291 2427 Semina
303 2377 358 2428 vidi
370 2377 496 2445 equidem
508 2375 608 2429 multos
617 2377 755 2430 medicare
766 2384 896 2448 serentes,

149 2444 184 2497 Et
195 2444 262 2495 nitro
273 2445 347 2513 prius
358 2458 386 2498 et
397 2446 472 2514 nigra
484 2446 645 2516 perfundere
656 2463 776 2516 amurca,

149 2513 279 2565 Grandior
293 2524 321 2566 ut
334 2514 406 2567 fetus
417 2515 522 2584 siliquis
533 2516 674 2569 fallacibus
685 2528 766 2586 esset,
953 2521 1000 2572 195

149 2583 191 2634 Et.
205 2585 329 2650 qnaruvis
340 2584 394 2651 igni
406 2585 510 2653 exiguo,
524 2595 663 2654 properata
674 2585 824 2639 maderent.

148 2651 209 2704 l'idi
222 2652 292 2703 lecta
303 2653 349 2705 diu
361 2662 389 2705 et
400 2654 485 2706 multo
497 2664 618 2723 spectata
629 2655 720 2708 labore

148 2722 316 2789 Degenerare
329 2731 427 2792 tamen,
440 2723 466 2776 ni
479 2724 521 2776 vis
531 2723 652 2778 humana
662 2724 807 2793 quotannis

148 2791 270 2843 Maxima
281 2808 406 2862 quaeque
418 2811 501 2846 mauu
513 2794 630 2863 legeret,
648 2795 688 2846 sic
698 2794 791 2847 omnia
801 2791 868 2847 fatis

148 2862 178 2912 ln
192 2860 269 2930 pejus
281 2879 365 2930 ruere,
378 2880 411 2915 ao
423 2873 491 2916 retro
503 2864 630 2934 sublapsa
642 2863 734 2916 referri
740 2880 749 2932 ;
951 2868 995 2917 aot

148 2931 208 2981 Non
219 2931 303 3001 aliter,
316 2949 399 3000 quarn
411 2933 457 3002 qui
468 2933 581 2985 adverso
590 2935 635 2985 rix
646 2933 759 2986 flumine
770 2931 897 2988 lembum

148 3000 280 3067 Remigiis
291 3001 396 3070 subigit,
410 3003 433 3053 si
446 3001 555 3054 brachia
567 3002 635 3055 forte
647 3003 759 3070 remisit,

148 3071 238 3136 Atque
251 3069 326 3123 illum
339 3072 366 3123 in
378 3088 508 3139 praeceps
519 3087 600 3141 prono
612 3073 680 3141 rapit
692 3072 788 3124 alveus
798 3071 883 3124 amni.

183 3139 325 3192 Praeterea
336 3149 392 3191 tarn
405 3149 466 3192 sunt
478 3141 584 3192 Arcturi
596 3141 684 3194 sidera
695 3140 772 3194 uobis

110 3259 222 3305 tro-156.
240 3257 431 3305 Miscellaneam
446 3257 595 3316 directions;
617 3260 661 3308 the
676 3259 886 3320 thresningnoor.
895 3286 931 3302 -
940 3264 984 3310 187

80 3317 132 3362 192.
149 3315 285 3363 ludication
295 3316 324 3362 of
335 3331 351 3362 a
360 3316 440 3375 heary
449 3332 477 3364 or
487 3334 503 3365 a
512 3318 574 3378 light
585 3319 855 3377 produce-wama.
872 3319 932 3368 The
947 3335 989 3370 nte

115 3375 186 3441 utirrg
201 3375 249 3423 and
264 3377 306 3423 the
321 3374 406 3424 choioe
420 3376 450 3424 of
460 3378 685 3426 eaedem-240.
702 3378 760 3428 The
775 3379 950 3439 properum
964 3379 997 3430 h

103 3448 181 3494 ‚rung
