2086 3622
399 183 493 224 alsait
512 180 556 222 111.

80 313 187 369 Arbuta
198 310 323 366 sufficere
335 319 363 366 et
375 311 471 366 fluvios
482 309 612 383 praebere
624 311 747 383 recentis,

80 383 117 437 Et
130 381 237 436 stabula
248 399 265 435 a
276 383 365 436 veritis
376 381 487 436 hiberno
498 397 632 451 opponere
645 381 695 436 soli

80 452 125 506 Ad
139 451 260 505 medium
273 469 401 506 conversa
414 450 495 522 diem,
509 468 572 505 cum
585 450 697 520 frigidus
708 450 774 504 olim

80 522 144 577 Jam
156 520 230 575 cadit
242 531 416 592 extremoque
430 522 521 574 irrorat
534 521 667 590 Aquarius
679 537 758 575 anno.

79 590 140 645 Hae
153 608 260 662 quoque
273 609 325 645 uon
337 609 401 645 cura
412 591 492 645 nobis
503 591 603 644 leviore
616 591 740 662 tuendae,
882 596 934 646 305

80 662 142 715 Nec
155 661 241 714 minor
252 678 317 715 usus
329 662 386 730 erit,
399 661 524 742 quamvis
536 660 645 715 Milesia
656 677 756 731 magno

80 730 191 783 Vellera
202 739 338 785 mutentur
349 732 444 800 Tyrios
456 731 561 784 incocta
574 731 698 785 rubores:

81 801 196 854 Densior
206 798 270 854 hiric
281 800 395 870 soboles,
408 799 471 854 hiric
482 800 549 870 largi
561 801 639 871 copia
651 802 735 854 lactis.

80 871 169 929 Quam
182 871 269 940 magis
280 873 410 925 exhausto
422 870 586 942 spumaverit
598 870 682 925 ubere
694 870 817 942 mulctra,

82 941 167 994 Laeta
179 939 267 1010 magis
278 941 377 1012 pressis
388 941 536 994 manabunt
548 941 661 995 flumina
672 941 811 996 mammis.
883 945 934 994 310

80 1011 141 1063 Neo
154 1009 244 1064 minus
255 1010 358 1064 interea
369 1009 467 1065 barbas
479 1011 628 1082 incanaque
640 1020 733 1066 menta

81 1077 208 1149 Cinyphii
221 1079 330 1154 tondept
342 1079 418 1150 hirci,
431 1088 556 1151 setasque
569 1082 702 1136 comantis

80 1149 168 1203 Usum
181 1149 207 1202 in
219 1158 367 1203 castrorum
378 1157 406 1202 et
418 1151 525 1203 miseris
536 1151 674 1204 velamina
685 1153 782 1205 nautis.

80 1218 230 1272 Pascuntur
240 1236 304 1273 vero
317 1220 399 1273 silvas
410 1227 437 1272 et
450 1237 557 1273 summa
568 1221 677 1290 Lycaei,

80 1287 272 1357 Horreutisque
284 1289 364 1343 rubos
376 1297 403 1341 et
415 1290 532 1342 amantis
544 1289 628 1342 ardua
640 1289 752 1359 dumos,
883 1293 933 1343 315

80 1360 172 1427 Atque
185 1356 259 1429 ipsae
271 1374 408 1413 memores
420 1358 532 1412 redeunt
545 1359 572 1411 iri
585 1367 664 1428 tecta,
678 1375 795 1429 suosque

80 1427 197 1497 Ducunt,
210 1435 238 1480 et
248 1426 360 1498 gravido
372 1435 499 1508 superant
511 1428 557 1482 vix
568 1428 653 1483 ubere
666 1427 759 1483 limen.

80 1497 152 1566 Ergo
164 1496 237 1551 omni
250 1497 337 1552 studio
348 1496 465 1566 glaciem
477 1506 625 1568 ventosque
637 1498 742 1570 nivalis,

79 1567 140 1625 Quo
152 1567 239 1622 minor
251 1575 292 1621 est
304 1567 357 1620 illis
369 1584 450 1620 curae
462 1567 581 1621 mortalis
593 1584 608 1620 e
627 1577 706 1641 estas,

79 1637 203 1707 Avertes,
216 1636 372 1706 victumque
385 1636 457 1690 feres
468 1645 496 1690 et
507 1638 599 1707 virgea
608 1585 698 1693 laetus
883 1643 934 1692 320

80 1705 192 1776 Pabula,
205 1723 256 1759 neo
268 1714 323 1759 tota
335 1705 446 1759 claudes
458 1705 568 1761 foenilia
579 1708 684 1762 bruma.

115 1777 152 1828 At
164 1791 235 1846 vero,
248 1775 378 1846 Zephyris
389 1792 452 1830 cum
465 1776 536 1831 laeta
548 1778 707 1833 vocantibus
718 1787 808 1834 aestas

79 1844 111 1898 Iri
125 1844 209 1898 saltus
219 1852 363 1916 utrumque
375 1863 485 1915 gregem
498 1855 580 1928 atque
593 1848 620 1900 in
632 1865 734 1918 pascua
746 1849 843 1920 mittet,

80 1914 198 1967 Luciferi
210 1915 296 1985 primo
308 1932 371 1968 cum
384 1915 472 1969 sidere
484 1916 583 1986 frigida
595 1934 655 1971 rura

80 1985 236 2054 Carpamus,
249 1983 314 2038 dum
326 2002 407 2038 mane
419 2002 527 2056 uorum,
540 1986 605 2039 dum
618 1987 740 2056 gramina
751 1995 856 2060 canent,
882 1992 933 2043 305

80 2054 116 2107 Et
130 2070 172 2106 ros
184 2054 211 2106 iri
223 2064 316 2108 tenera
327 2055 418 2125 pecori
429 2057 598 2123 gratissimus
610 2055 703 2109 herba.

79 2122 155 2192 Inde,
169 2122 216 2177 ubi
228 2132 322 2194 quarta
333 2123 405 2178 sitim
418 2125 486 2177 coeli
499 2125 635 2193 collegerit
647 2124 713 2178 hora

79 2193 116 2246 Et
127 2201 208 2245 cantu
221 2193 349 2263 querulae
362 2202 486 2263 rumpent
498 2194 606 2248 arbusta
618 2194 736 2266 cicadae,

79 2261 123 2315 Ad
136 2269 232 2332 puteos
243 2271 291 2316 cut
302 2264 356 2318 alta
367 2281 464 2333 greges
475 2265 509 2318 ad
522 2273 617 2335 stagna
630 2264 722 2336 jubeto

80 2332 239 2386 currentem
251 2332 339 2402 ilignis
350 2342 443 2403 potare
455 2335 595 2390 canalibus
607 2336 723 2407 undam3
881 2343 932 2393 330

78 2401 210 2454 Aestibus
220 2409 249 2455 at
260 2402 359 2456 mediis
369 2403 524 2459 umbrosam
537 2406 676 2476 exquirere
688 2407 797 2481 vallem,

79 2469 171 2524 Sicubi
182 2488 282 2542 magna
292 2472 367 2526 Jovis
381 2473 490 2545 antiquo
502 2476 594 2530 robore
606 2494 722 2546 quercus

79 2540 199 2608 Ingentis
210 2542 302 2596 tendat
314 2559 409 2614 ramos,
422 2553 469 2598 aut
481 2547 567 2601 sicubi
579 2547 685 2618 nigrum

77 2609 189 2664 Ilicibus
200 2611 302 2665 crebris
314 2630 389 2666 sacra
400 2632 497 2671 nemus
509 2617 623 2672 accubet
634 2619 730 2673 umbra
737 2636 745 2688 ς

79 2679 150 2732 Turn
163 2681 252 2734 tenuis
263 2681 327 2737 dare
339 2700 428 2739 rursus
439 2705 532 2757 aquas,
546 2697 573 2740 et
585 2705 696 2757 pascere
708 2705 799 2742 rursus
881 2693 931 2742 335

78 2748 147 2801 Solis
158 2749 193 2802 ad
206 2766 339 2824 occasum,
352 2772 415 2808 curu
427 2756 540 2823 frigidus
551 2761 614 2808 aera
626 2773 723 2825 vesper

78 2819 231 2891 Temperat,
245 2830 272 2874 et
284 2823 367 2877 saltus
379 2824 463 2876 reficit
474 2824 531 2893 jam
544 2825 648 2876 roscida
660 2825 732 2893 luna,

78 2888 221 3012 Litoraque
232 2890 364 2962 alcyonen
377 2901 509 2959 resonant,
523 2890 694 2943 acalanthida
706 2891 790 2946 dumi.

112 2958 164 3017 Qui
196 2959 243 3014 tibi
255 2970 376 3030 pastores
388 2958 498 3028 Libyae,
512 2959 577 3028 quid
587 2976 689 3040 pascua
700 2978 780 3017 versu

78 3028 232 3100 Prosequar,
246 3039 273 3082 et
285 3030 351 3083 raris
363 3026 482 3079 habitata
493 3029 612 3100 mapalia
624 3031 721 3086 tectis‘l
880 3039 931 3088 340

76 3097 162 3169 Saepe
175 3098 249 3152 diem
261 3108 422 3164 noctemque
435 3104 462 3147 et
474 3104 560 3151 totum
572 3116 607 3152 ex
617 3100 709 3155 ordine
721 3120 847 3169 mensem

77 3168 199 3221 Pascitur
211 3169 285 3236 itque
298 3182 382 3236 pecus
392 3164 471 3232 longa
483 3166 510 3218 in
522 3166 628 3222 deserta
640 3172 698 3225 siue
710 3171 773 3226 ullis

30 3267 185 3273 -Ψ,
212 3263 932 3276 Μ*

35 3309 149 3355 ate-321.
170 3306 307 3354 Directions
324 3305 359 3354 sor
374 3305 417 3353 the
433 3319 488 3352 care
504 3307 533 3353 of
544 3318 615 3368 gouts
631 3310 656 3359 itt
671 3282 929 3363 νήπια-323338.

30 3366 145 3414 iroctious
157 3364 286 3425 regurding
301 3365 343 3434 the
359 3378 468 3434 summer
479 3367 606 3426 nasturiug
616 3367 644 3436 qs
655 3369 732 3429 sheep
748 3367 796 3419 und
810 3379 929 3432 goats...

30 3426 121 3474 09-348.
138 3424 194 3472 The
207 3422 329 3473 Nomedio
340 3425 416 3474 tribes
426 3421 456 3460 r‘
533 3439 545 3452 ⁸
557 3423 692 3476 described.
