2078 3622
457 136 616 175 AENEIDOE.

144 267 295 320 Poenarum
307 266 466 317 exhaustum
479 265 542 315 satis
554 273 611 331 est,
630 264 673 315 via
685 262 757 316 saeta
768 280 815 331 per
827 263 929 318 hostis!

144 335 234 389 Multa
247 335 335 386 virum
347 334 430 385 solido
442 342 550 399 argento
563 332 682 401 perlecta
695 334 846 401 relinquunt

145 408 228 457 Arma
250 420 282 455 ue
295 412 463 469 craterasque
477 402 556 453 simul
571 402 746 470 pulchrosque
759 412 870 469 tapetas.

146 422 280 542 Euryalus
293 470 415 539 phaleras
427 471 584 523 Rhamnetis
596 484 621 522 et
634 489 715 523 aurea
727 471 808 523 bullis

145 541 265 609 Cingula,
278 541 382 593 Tiburti
393 540 506 592 Remulo
518 540 666 592 ditissimus
678 540 742 592 olim
943 544 992 592 360

145 612 220 671 Quae
232 610 313 662 mittit
325 610 402 675 dona,
415 608 526 678 hospitio
539 627 601 661 cum
612 609 735 677 jungeret
747 608 852 679 absens,

145 680 293 745 Caedicus,
312 678 356 730 ille
370 695 416 729 suo
430 679 545 730 moriens
556 678 602 730 dat
615 680 713 731 habere
726 678 830 746 nepoti,

145 750 207 801 Post
219 762 334 801 mortem
347 747 417 800 bello
429 747 518 799 Rutuli
531 765 673 816 pugnaque
686 747 761 816 potiti
769 764 777 814 5

145 818 219 870 Haec
231 834 259 869 ra
280 818 306 885 it,
319 827 400 885 atque
413 817 533 868 humeris
545 818 728 885 nequidquam
741 815 851 868 sortibus
863 823 945 885 aptat.

144 887 247 954 Tumg
274 904 333 939 earn
347 887 467 954 Messapi
480 884 600 938 habilem
612 887 752 955 cristisque
764 885 890 937 decoram
942 889 991 937 365

144 955 242 1008 Induit.
279 957 420 1009 Excedunt
432 955 532 1024 castris,
546 964 572 1006 et
585 962 641 1007 tuta
654 964 805 1024 capessunt.

179 1025 284 1077 Interea
296 1025 435 1093 praemissi
448 1024 552 1091 equites
564 1042 599 1076 ex
611 1026 676 1078 urbe
690 1025 791 1092 Latina,

144 1094 239 1146 Cetera
251 1094 316 1147 dnm
328 1094 398 1162 legio
410 1093 514 1161 campis
526 1093 653 1145 instructa
665 1102 789 1160 moratur,

144 1163 221 1216 Ibant
235 1173 261 1215 et
273 1165 361 1216 Turno
375 1164 429 1230 regi
441 1178 567 1231 responsa
579 1161 707 1231 ferebant,

144 1233 325 1301 Tercentum,
339 1232 435 1285 scutati
447 1247 548 1299 omnes,
562 1231 704 1285 Volscente
716 1230 852 1299 magistro.
941 1233 990 1282 370

144 1301 259 1369 Jamque
272 1301 481 1371 propinquabant
493 1302 593 1369 castris,
606 1318 735 1370 muroque
748 1300 879 1369 subibant,

144 1371 212 1423 Cum
244 1370 315 1423 rocol
328 1373 377 1423 hos
389 1371 464 1423 laevo
477 1370 611 1422 flectentis
622 1370 708 1424 limite
721 1379 840 1438 cernunt,

144 1440 178 1492 Et
190 1388 269 1507 gallea
282 1440 430 1509 Euryalum
443 1439 568 1492 sublustri
580 1440 665 1492 noctis
677 1441 704 1493 in
718 1440 812 1492 umbra

143 1508 262 1560 Prodidit
275 1509 460 1562 immemorem
474 1508 606 1576 radiisque
618 1508 732 1560 adversa
744 1506 856 1560 refulsit.

143 1576 220 1629 Haud
234 1586 336 1629 temere
348 1586 389 1629 est
401 1577 498 1629 visum.
529 1577 684 1629 Conclamat
695 1577 730 1629 ab
741 1576 849 1643 agmine
861 1574 922 1628 Vol·

212 1662 305 1697 scens:
942 1648 990 1696 375

145 1714 241 1781 ‘State,
256 1714 318 1781 viri,
336 1729 406 1781 quae
418 1729 514 1765 caussa
526 1712 606 1765 viaet
623 1712 704 1782 quive
716 1712 781 1764 estis
793 1711 819 1764 in
831 1713 935 1766 armis'l

142 1783 234 1841 Quove
249 1782 345 1834 tenetis
358 1782 434 1834 iterl'
471 1781 545 1834 Nihil
557 1782 596 1835 illi
608 1782 718 1834 tendere
730 1790 828 1851 contra,

142 1852 194 1903 Sed
207 1852 324 1904 celerare
337 1851 431 1919 fugam
443 1851 470 1903 in
481 1852 562 1904 silvas
574 1861 602 1904 et
613 1852 696 1904 fidere
708 1852 789 1905 nocti.

142 1921 275 1990 Objiciunt
288 1921 394 1989 equites
406 1938 465 1973 sese
477 1921 511 1972 ad
524 1921 636 1973 divortia
647 1930 710 1974 nota

142 1990 210 2043 Hine
218 1999 299 2059 atque
308 1991 379 2059 hinc,
388 2007 550 2059 omnemque
559 1990 662 2044 abitum
669 1989 780 2043 oustode
788 1996 922 2043 coronant.
940 1990 991 2041 380

142 2059 213 2112 Silva
225 2060 274 2113 luit
287 2060 340 2112 late
352 2061 443 2113 dumis
454 2070 534 2128 atque
547 2060 608 2112 ilice
620 2060 696 2128 nigra

142 2128 261 2197 Horrida,
274 2146 355 2198 quarn
368 2129 445 2181 densi
458 2128 623 2199 complerant
634 2129 752 2198 undique
764 2135 856 2181 sentes
863 2143 872 2196 3

141 2198 210 2249 Rara
222 2215 270 2266 per
283 2199 402 2251 occultos
413 2198 521 2251 lucebat
534 2199 629 2251 semita
640 2198 732 2251 calles.

144 2267 290 2335 Euryalem
304 2268 431 2320 tenebrae
444 2284 576 2319 ramorum
588 2282 753 2336 onerosaque
765 2264 865 2336 praeda

142 2335 302 2404 Impediunt,
315 2335 436 2404 fallitque
449 2336 526 2388 timor
539 2335 647 2403 regione
658 2335 772 2388 viarum.
940 2336 991 2386 385

141 2402 224 2455 Nisus
234 2403 307 2471 abn3
324 2403 435 2472 jamque
447 2404 603 2471 imprudens
614 2412 735 2456 evaserat
747 2402 830 2456 hostis

142 2474 232 2540 Atque
245 2472 323 2541 locos,
338 2474 384 2540 qui
397 2480 456 2539 post
468 2472 554 2525 Albae
566 2472 601 2523 de
613 2473 722 2525 nomine
733 2470 800 2524 dicti

142 2539 247 2610 Albani,
262 2550 319 2593 turn
332 2557 379 2593 rex
391 2540 496 2593 stabula
507 2540 562 2592 alta
575 2540 684 2593 Latinus
695 2539 829 2593 habebat:

142 2610 177 2663 Ut
191 2611 272 2679 stetit,
286 2620 313 2662 et
325 2609 420 2662 frustra
432 2609 572 2662 absentem
586 2610 701 2678 respexit
712 2609 848 2680 amioum,

144 2679 274 2748 ‘Euryale
287 2679 387 2749 infelix,
400 2696 454 2748 qua
467 2690 493 2731 te
506 2678 612 2747 regione
625 2678 739 2749 reliquit
942 2684 993 2733 ³9⁰

103 2832 154 2876 360.
175 2830 276 2878 Tiburti.
309 2830 355 2878 See
366 2846 390 2889 p.
403 2834 456 2885 292,
468 2830 515 2878 line
526 2834 563 2878 2⁵.
575 2833 663 2879 -363,
680 2830 754 2879 Some
765 2830 837 2879 think
846 2830 897 2881 thia
907 2831 957 2881 lius
968 2842 993 2881 to

74 2888 105 2934 he
117 2889 235 2945 spurious.
243 2893 333 2945 -367,
348 2890 396 2936 doc.
415 2890 463 2936 We
475 2905 531 2995 mag
542 2904 647 2947 suppose
663 2889 715 2937 that
727 2889 827 2937 Turnus
842 2889 891 2939 bad
901 2900 958 2939 sent
968 2900 994 2939 to

75 2947 121 2993 ask
132 2946 203 2992 when
215 2948 256 2993 the
268 2949 334 2995 main
342 2948 407 3008 body
418 2947 446 2995 os
453 2948 494 2995 thc
530 2956 555 2995 ot
568 2950 646 3008 (legio)
657 2947 738 2996 would
746 2947 799 3007 join
808 2948 870 3007 him,
881 2948 930 2999 aad
939 2949 994 2999 that

76 3005 117 3051 the
129 3021 223 3052 unswer
234 3022 284 3053 was
296 3007 400 3066 brought
418 3008 451 3067 by
463 3007 532 3054 these
549 3006 615 3053 three
632 3006 742 3054 hundred
754 3007 894 3057 horsemen.
902 3010 993 3059 -369,

75 3063 145 3125 Regi.
171 3063 261 3111 Others
273 3066 329 3112 read
341 3068 510 3126 regia-373.
530 3066 613 3113 Galea.
636 3066 684 3112 See
695 3068 844 3113 soa-380.
864 3064 993 3117 Coronant.

76 3123 123 3169 See
134 3132 158 3169 at
170 3126 222 3169 508.
230 3126 317 3170 -383,
335 3124 410 3171 liora.
433 3124 488 3170 The
500 3124 557 3182 path
568 3140 617 3171 was
629 3139 688 3171 seen
698 3123 756 3184 only
762 3132 786 3171 at
797 3124 922 3185 intemls.
930 3124 993 3177 from

75 3181 117 3229 the
133 3181 236 3229 dubious
253 3181 270 3229 li
288 3182 324 3236 ht,
338 3182 384 3229 und
401 3182 443 3229 the
460 3182 548 3242 woody
564 3182 743 3230 chade-386.
760 3182 909 3247 Imprudens.
940 3184 994 3239 Not

76 3239 191 3301 hnou'ing
200 3242 265 3288 what
271 3198 321 3288 had
333 3243 433 3288 become
442 3240 470 3287 os
478 3241 607 3301 Euryalus.
614 3244 705 3290 -387.
721 3240 804 3299 Locos,
814 3242 908 3301 othon,
917 3244 993 3303 heu.

75 3302 165 3367 --1338Ι
182 3300 279 3348 Albani.
311 3300 398 3347 Places
410 3301 434 3347 in
445 3299 487 3347 the
503 3301 616 3360 territory
626 3300 655 3348 of
667 3300 734 3349 Alba
749 3300 842 3363 Longu.
873 3300 995 3365 Τοπίιᾳ

78 3355 154 3419 virgil
165 3358 266 3417 allodes,
280 3359 300 3407 is
311 3374 367 3407 now
377 3359 509 3407 unknown.
917 3382 920 3387 ·
