2086 3622
368 186 461 226 arena
482 186 546 228 vin.
859 171 918 228 335

67 315 137 368 Hinc
147 321 252 384 partem
263 313 364 384 patriae
377 314 502 368 traheret.
538 316 580 369 Tu
592 316 668 386 cujus
679 324 706 368 et
717 313 796 368 aunis

67 386 103 438 Et
115 384 207 452 generi
218 383 274 437 fata
286 383 432 454 indulgent,
445 403 527 454 quern
540 386 650 439 numina
662 392 773 454 poscunt
805 387 809 394 '

68 453 218 523 Ingredere,
230 470 246 506 o
259 453 393 508 Teucrum
405 464 486 523 atque
499 455 595 508 Italum
608 455 750 508 fortissime
782 461 867 512 uetur.

67 524 147 575 Hunc
160 523 207 576 tibi
219 532 364 594 praeterea,
378 542 441 593 spes
453 533 480 576 et
492 525 586 578 solatia
599 526 686 593 nostri,

68 593 189 645 Pallanta
201 593 361 662 adjungam,
380 593 430 646 sub
443 603 469 646 te
483 594 593 646 tolerare
605 595 731 663 magistro
868 598 920 648 515

68 663 198 716 Militiam
210 672 237 714 et
248 679 330 730 grave
342 663 439 714 Martis
451 679 525 733 opus,
540 673 586 715 tua
598 681 708 717 cernere
721 665 794 718 facta

68 732 226 801 Adsueseat,
240 731 332 801 primis
343 741 369 783 et
383 741 410 783 te
423 733 533 785 miretur
544 733 578 786 ab
590 732 676 786 annis.

67 802 188 853 Arcadas
200 801 262 853 huic
274 802 379 869 equites
391 800 433 853 bis
446 811 563 871 centurn,
577 802 669 860 robora
680 803 760 872 pubis

68 871 151 922 Lecta
163 870 240 939 dabo,
254 870 419 938 totidemque
432 887 480 923 suo
493 872 540 924 tibi
553 871 660 924 nomine
672 872 780 925 Pallas.²

103 941 155 993 Vix
166 956 199 992 ea
211 939 282 992 latus
294 948 365 1007 erat;
383 939 519 1009 defixique
531 958 577 992 ora
590 942 718 1006 tenebant
870 945 921 994 520

68 1011 176 1062 Aeneas
188 1009 367 1063 Anchisiades
379 1017 406 1062 et
418 1010 489 1063 fidus
501 1010 620 1063 Achates
627 1027 635 1080 3

67 1079 210 1146 Multaque
222 1078 289 1131 dura
301 1096 348 1132 sue
362 1080 427 1132 tristi
440 1097 503 1133 cum
515 1080 594 1132 eorde
608 1080 744 1151 putabant,

68 1149 103 1200 Ni
116 1149 220 1216 signum
233 1148 307 1200 coelo
319 1149 452 1218 Cytherea
464 1149 583 1201 dedisset
595 1158 695 1218 aperto.

68 1217 194 1286 Namque
207 1218 348 1287 improviso
360 1217 478 1270 vibratus
489 1219 525 1271 ab
537 1218 647 1270 aethere
659 1218 746 1285 lulgor

69 1287 137 1339 Cum
150 1287 236 1338 sonitu
250 1287 330 1351 venit,
344 1296 371 1338 et
384 1303 459 1338 mere
472 1287 562 1339 omnia
573 1288 632 1339 visa
644 1296 763 1356 repente,
870 1292 920 1342 525

69 1356 276 1424 Tyrrhenusque
289 1355 370 1408 tubae
384 1356 486 1424 mugire
498 1373 546 1425 per
557 1355 667 1408 aethera
679 1355 796 1424 clangor.

68 1426 235 1494 suspiciunt,
255 1425 352 1477 iterum
366 1435 446 1493 atque
459 1426 556 1478 iterum
568 1425 655 1493 fragor
667 1425 787 1496 increpat
798 1425 901 1495 ingens.

69 1497 153 1548 Arma
167 1496 234 1546 inter
246 1494 346 1547 nubem
359 1494 428 1546 coeli
441 1494 468 1563 in
481 1494 589 1563 regione
602 1511 697 1547 serena

69 1564 119 1617 Per
132 1564 230 1617 sudum
242 1564 350 1617 rutilare
365 1564 455 1616 vident
467 1573 495 1616 et
507 1564 584 1632 pulsa
597 1572 697 1617 tonare.

69 1634 235 1703 Obstupuere
248 1633 345 1687 animis
357 1633 419 1702 alii;
438 1633 487 1686 sed
499 1634 595 1687 Troius
608 1633 686 1687 heroa
871 1638 923 1688 530

63 1703 186 1771 'Agnovit
199 1705 314 1767 sonitum
328 1711 355 1755 et
368 1703 448 1757 divae
460 1704 590 1772 promissa
602 1703 729 1772 parentis.

68 1773 139 1825 Tum
152 1783 298 1826 memorat:
320 1774 360 1825 ‘N
362 1789 377 1825 e
390 1788 461 1838 vero,
477 1773 581 1842 hospes,
596 1790 629 1825 ne
641 1790 741 1842 quaere
753 1773 880 1845 profecto,

68 1840 156 1899 Ouem
168 1859 263 1894 casum
275 1851 396 1911 portenta
407 1841 508 1912 serapt:
528 1859 578 1909 ege
590 1859 683 1911 poscor
695 1842 818 1913 Olympo.

68 1911 128 1962 Hoc
138 1911 245 1978 signum
257 1911 352 1963 cecinit
366 1912 509 1963 missuram
523 1911 586 1963 diva
598 1915 719 1981 creatrix,

70 1979 96 2032 Si
110 1979 211 2032 bellum
225 1981 367 2049 ingrueret,
381 1979 562 2048 Volcaniaque
575 1997 650 2032 arma
661 1998 709 2050 per
721 1996 800 2034 auras
871 1985 921 2036 535

69 2049 196 2102 Laturam
207 2050 316 2102 auxilio.

68 2119 128 2170 Heu
140 2128 256 2187 quantae
268 2117 374 2172 miseris
385 2115 485 2170 caedes
497 2117 676 2172 Laurentibus
687 2117 804 2173 instant!

69 2188 143 2246 Quas
155 2204 254 2257 poenas
266 2188 341 2257 mihi,
355 2188 452 2257 Turne,
466 2186 560 2241 dabis!
580 2204 663 2257 quam
675 2188 761 2240 multa
773 2188 824 2243 sub
835 2190 923 2245 undas

69 2256 150 2309 Scuta
162 2257 249 2310 virum
261 2257 407 2327 galeasque
419 2265 447 2308 et
459 2256 537 2309 fortia
549 2273 658 2326 corpora
668 2258 769 2324 volves,

39 2368 42 2374 .
69 2326 170 2395 Thybri
182 2326 274 2396 pater!
301 2326 416 2381 Poscant
426 2326 508 2396 acies,
521 2335 548 2379 et
560 2325 670 2380 foedera
682 2329 826 2398 rumpant!
871 2331 922 2384 tto

102 2396 177 2449 Haec
189 2397 235 2450 ubi
248 2396 319 2451 dieta
330 2397 412 2465 dedit,
426 2395 491 2448 solio
503 2413 533 2448 se
545 2395 612 2449 tollit
624 2397 659 2449 ab
671 2397 725 2450 alto
732 2413 741 2468 5

68 2465 102 2518 Et
114 2467 230 2534 primum
242 2466 383 2521 Herculeis
394 2483 423 2519 so
443 2465 493 2519 itae
505 2466 613 2534 ignibus
624 2483 685 2519 aras

67 2535 180 2607 Excitat,
194 2536 405 2606 hestemumqua
418 2483 515 2589 labrem
528 2552 609 2605 parvo
644 2553 677 2589 ue
691 2536 800 2591 Penatis

67 2605 167 2659 Laetus
177 2606 233 2659 adit
241 2623 249 2675 ;
268 2615 388 2660 mactant
400 2606 486 2659 lectas
498 2605 532 2658 de
545 2622 619 2658 more
650 2605 749 2659 identis

21 2712 54 2761 bl.
66 2713 95 2760 of
106 2721 223 2771 manner),
236 2715 267 2762 he
278 2731 330 2763 was
346 2715 427 2775 partly
438 2715 630 2763 Italian—522.
647 2714 781 2772 Petebant,
794 2725 819 2763 et
835 2724 921 2776 putare

20 2773 160 2820 rrstitissent
180 2774 214 2820 rii.
247 2773 294 2821 See
314 2789 328 2821 a
346 2774 439 2821 similar
457 2774 559 2831 ellipsis,
578 2774 610 2820 vi.
627 2777 779 2822 aaa-523.
799 2773 920 2836 Cytherea.

20 2847 45 2878 ee
57 2842 80 2878 at
93 2832 108 2879 i.
120 2835 270 2880 asu-526.
296 2832 321 2880 Is
328 2848 343 2881 u
354 2841 459 2891 trumpet
472 2834 502 2879 be
513 2832 621 2888 Tuscan,
630 2832 662 2879 ite
674 2832 728 2890 peel
739 2848 797 2893 may
803 2835 833 2882 be
842 2834 921 2884 called

23 2906 97 2939 uscan
109 2891 168 2939 also.
197 2891 282 2939 Hence
293 2907 331 2938 we
343 2907 400 2952 may
410 2908 439 2940 sa
458 2927 464 2947 ,
476 2891 618 2951 Tyrrhenae
630 2893 704 2938 tubae
715 2891 829 2953 clangor;
846 2909 882 2951 er,
893 2909 921 2943 as

20 2966 63 3007 ire,
80 2950 104 2998 T
118 2954 218 2999 rrlienos
230 2953 299 2998 tubae
309 2953 415 3012 clangor,
429 2907 470 2998 tle
487 2950 606 3010 adjectiva
618 2951 673 2998 bein
702 2966 840 3001 acommon
852 2954 919 3003 attri-

20 3020 55 3078 1te
66 3009 94 3057 of
101 2967 169 3058 loth.
201 3009 324 3078 Thallaba
340 3010 361 3058 is
377 3009 429 3058 said
445 3019 471 3058 to
487 3010 548 3057 have
566 3011 628 3078 bean
644 2966 770 3078 elusone
786 3011 919 3063 invention.

21 3077 79 3116 orte
90 3068 145 3128 peal
156 3069 198 3117 the
214 3069 283 3117 shrrll
295 3069 367 3117 clanh
378 3069 406 3117 of
420 3070 460 3116 the
472 3085 568 3117 armour
580 3086 600 3117 rs
611 3069 669 3116 here
681 3069 778 3119 lrkaned
790 3073 868 3126 (visua
883 3073 919 3121 in·

20 3128 83 3176 ilved
95 3129 120 3175 in
132 3131 202 3184 viae),
216 3129 309 3185 unless,
323 3128 419 3183 indeed,
433 3145 470 3176 we
482 3143 587 3235 suppose
600 3129 652 3176 that
664 3145 677 3176 a
689 3139 752 3178 trum
771 3142 795 3178 et
811 3131 918 3200 actually

20 3187 205 3247 iipasch-533.
233 3187 339 3250 Olympo,
354 3187 492 3236 detforeh
540 3191 719 3248 ymo-534.
763 3190 919 3248 hispromrse

20 3247 220 3301 ‚uot'urentioned
236 3247 372 3295 elsewhere
389 3249 422 3308 by
433 3247 616 3308 virgil-542.
633 3246 676 3304 Et,
691 3248 740 3295 &c
773 3248 829 3297 The
845 3265 918 3298 sense

20 3304 78 3376 ‘¹²3⁸
87 3305 198 3355 doubtful
210 3322 312 3389 passage
323 3322 405 3355 seems
416 3317 442 3376 to
454 3309 492 3364 ba,
504 3307 556 3356 that
564 3308 665 3376 ¹Aeneas
677 3308 772 3368 springs
781 3317 807 3355 to
815 3307 857 3357 the
865 3309 920 3360 Ara

20 3365 144 3425 namuel
156 3367 309 3426 yesterdays
325 3367 440 3416 solemnit
479 3377 503 3416 at
520 3367 601 3416 whrcb
618 3369 678 3422 (103)
695 3368 765 3415 other
779 3367 841 3428 gods
851 3383 918 3420 were

20 3422 157 3487 mbipped,
170 3426 213 3475 but
225 3426 359 3487 especially
370 3427 452 3476 Hercu
462 3442 497 3476 es.
