2086 3622
388 162 481 202 braun
500 163 532 202 X·

73 291 147 344 Gens
159 287 197 341 illi
210 288 312 358 triplex,
325 289 416 360 populi
428 290 478 343 sub
489 296 570 358 gente
582 289 722 359 quaterni;

74 361 136 428 Ipsa
147 366 228 427 caput
239 358 358 428 populis:
378 359 466 412 Tusco
478 359 513 412 de
526 360 657 426 sanguine
669 358 749 411 vires.

73 429 143 482 Hinc
155 444 260 497 quoque
272 428 430 497 quingentos
442 430 471 480 in
482 444 511 480 se
524 428 679 482 Mezentius
691 435 785 499 armat,

74 497 147 557 Quos
159 506 233 565 patre
246 497 351 550 Benaco
364 497 469 549 velatus
480 497 610 550 arundine
621 496 717 565 glauca
876 498 927 548 205

74 566 195 619 Mincius
206 565 304 619 infesta
315 566 431 619 ducebat
442 566 470 618 in
481 582 599 635 aequora
610 567 684 636 pinu.

76 636 100 688 It
111 635 201 703 gravis
212 636 346 705 Aulestes,
361 644 528 703 centenaque
540 636 633 688 arbore
645 636 759 688 fluctum

75 706 205 758 Verberat
217 705 364 772 adsurgens
371 721 379 772 3
398 713 522 773 spumant
534 705 604 756 vada
616 721 748 758 marmore
760 719 846 758 verso.

75 774 154 825 Hunc
166 773 240 825 vehit
252 772 376 826 immanis
388 774 480 825 Triton
492 783 520 825 et
532 773 639 825 caerula
650 773 754 826 concha

77 843 220 894 Exterrens
232 841 301 894 freta
308 859 315 910 3
334 841 378 894 cui
390 841 504 894 laterum
517 850 595 895 tenus
607 842 711 921 hispida
723 841 797 895 nanti
876 843 928 893 210

78 911 161 964 Frons
173 910 312 964 hominem
320 911 444 980 praefert,
458 912 485 964 in
498 911 589 981 pristin
602 911 701 964 desinit
712 912 791 964 alvus
798 928 807 981 3

78 980 195 1050 Spumea
208 980 332 1033 semifero
344 981 395 1034 sub
407 987 514 1049 pectore
527 989 676 1034 murmurat
689 980 769 1034 unda.

113 1050 163 1101 Tot
176 1049 239 1102 lecti
252 1066 376 1120 proceres
388 1059 428 1102 ter
439 1050 516 1103 denis
527 1050 641 1104 navibus
653 1051 727 1103 ibant

78 1117 201 1171 Subsidio
213 1119 316 1188 Trojae,
329 1128 355 1171 et
368 1136 478 1188 campos
490 1119 553 1171 salis
564 1137 627 1171 aere
640 1119 777 1171 secabant.

111 1188 226 1255 Jamque
239 1187 298 1240 dies
310 1188 384 1240 coelo
397 1197 572 1254 concesserat,
585 1189 713 1255 almaque
726 1191 804 1239 c'urru
876 1190 926 1239 21⁵

77 1256 225 1323 Noctivago
238 1256 346 1308 Phoebe
358 1257 479 1308 medium
492 1256 615 1324 pulsabat
627 1255 789 1324 Olympum:

78 1329 310 1393 Aeneas-neque
323 1324 399 1377 enirn
410 1325 540 1377 membris
552 1325 596 1376 dat
609 1341 674 1376 cura
685 1324 842 1393 quietem-

78 1395 139 1462 Ipse
152 1393 250 1446 sedens
261 1394 422 1462 clavumque
435 1393 502 1460 regit
515 1393 634 1462 velisque
647 1393 789 1446 ministret.

77 1465 167 1531 Atque
181 1463 219 1515 illi
232 1462 320 1516 medio
332 1462 359 1514 in
372 1462 456 1532 spatio
468 1463 572 1532 chorus,
586 1479 659 1532 ecce,
674 1479 783 1514 suarum

78 1533 198 1584 Occurrit
210 1535 353 1585 comitum:
373 1531 526 1601 Nymphae,
539 1549 607 1601 quas
618 1532 690 1584 alma
702 1530 813 1600 Cybebe
878 1535 929 1584 220

78 1602 104 1654 N
107 1618 188 1654 umen
200 1602 300 1654 habere
313 1601 394 1654 maris
404 1601 479 1671 Nym
498 1600 600 1670 basque
613 1618 629 1653 e
642 1601 755 1654 navibus
766 1617 827 1655 esse

78 1673 93 1724 J
96 1680 206 1741 usserat,
220 1670 348 1724 innabant
360 1671 457 1740 pariter
488 1679 621 1739 notusque
633 1670 769 1741 secabant,

79 1740 148 1798 Quot
160 1743 233 1810 prius
244 1748 351 1793 aeratae
363 1747 491 1793 steterant
502 1740 537 1793 ed
550 1740 625 1793 litora
637 1756 739 1808 prorae.

79 1811 234 1876 Agnoscunt
246 1808 324 1876 longe
336 1826 436 1878 regem,
449 1808 614 1878 lustrantque
627 1808 741 1861 choreis.

78 1875 198 1936 Quarum
210 1895 280 1948 quae
292 1877 532 1930 fandi-doctissima
544 1878 721 1947 Cymodocea,
879 1879 929 1928 22⁵

79 1947 151 1999 Pone
164 1962 281 2014 sequens
292 1946 385 1999 dextra
398 1946 507 2015 puppim
521 1954 602 2014 tenet,
615 1945 727 2016 ipsaque
739 1945 817 1998 dorso

81 2016 197 2082 Eminet,
210 2031 244 2067 ac
256 2015 333 2067 laeva
346 2015 433 2067 tacitis
445 2015 609 2082 subremigat
621 2015 709 2068 undis.

80 2084 150 2137 Tum
161 2083 201 2135 sic
213 2084 336 2150 ignarum
346 2083 504 2151 alloquitur:
525 2083 684 2152 ‘vigilasne
698 2082 782 2136 deum
793 2098 870 2151 gens,

79 2153 195 2205 Aeneal
213 2152 309 2221 Vigila,
322 2161 350 2206 et
361 2153 429 2205 velis
440 2152 559 2206 immitte
571 2151 699 2205 rudentis.
838 2167 840 2170 ·

79 2222 136 2274 Nos
148 2239 249 2287 sumus,
263 2222 361 2274 Idaeae
373 2237 447 2273 sacro
460 2221 494 2274 de
507 2223 606 2274 vertice
618 2223 704 2291 pinus,
880 2223 930 2272 230

80 2292 159 2343 Nunc
171 2291 259 2358 pelagi
271 2292 297 2343 N
299 2291 424 2360 ymphae,
438 2291 532 2344 classis
545 2300 600 2343 tua.
636 2289 757 2343 Perfidus
769 2297 799 2342 ut
811 2305 860 2343 uos

81 2360 245 2428 Praecipites
259 2360 327 2412 lerro
339 2360 454 2413 Rutulus
465 2361 630 2429 flammaque
643 2359 790 2428 premebat,

80 2428 212 2496 Rupimus
225 2430 323 2481 invitae
335 2438 380 2481 tua
392 2429 507 2499 vincula,
521 2438 601 2498 teque
614 2445 772 2498 persequor

81 2497 248 2557 Quaerimus.
284 2499 361 2551 Hanc
372 2499 494 2567 genetrix
504 2498 603 2551 faciem
615 2498 742 2551 miserata
755 2495 855 2566 refecit,

80 2567 115 2619 Et
127 2568 201 2619 dedit
214 2584 274 2620 esse
286 2567 352 2621 deas
363 2585 516 2637 aevumque
527 2569 629 2636 agitare
641 2567 692 2620 sub
704 2566 792 2620 undis.
880 2567 930 2616 tet

80 2639 116 2687 At
128 2653 195 2704 puer
206 2637 340 2691 Ascanius
352 2653 426 2690 muro
439 2637 571 2706 fossisque
584 2644 689 2689 tenetur

79 2704 146 2755 Tela
159 2705 226 2756 inter
237 2705 327 2758 media
338 2715 419 2773 atque
432 2705 562 2758 horrentis
574 2705 662 2757 Marte
674 2703 792 2756 Latinos.

79 2772 141 2826 Jam
154 2772 212 2825 loca
223 2771 296 2841 jussa
307 2781 382 2826 tenet
393 2773 452 2825 sorti
464 2774 614 2842 permixtus
627 2773 740 2825 Etrusco

80 2845 166 2894 Arcas
176 2857 261 2911 eques
268 2858 276 2910 ;
293 2842 400 2895 medias
411 2842 465 2894 illis
477 2857 609 2911 opponere
622 2850 730 2910 turmas,

79 2910 123 2964 Ne
135 2911 229 2964 castris
238 2909 358 2981 jungant,
371 2919 444 2964 certa
456 2920 497 2963 est
510 2910 642 2964 sententia
654 2908 751 2961 Turno.
880 2911 931 2962 240

80 2979 162 3048 Surge
174 2997 233 3049 age,
247 2987 274 3032 et
286 2983 388 3033 Aurora
400 2980 485 3032 socios
496 2979 621 3033 veniente
634 2977 723 3031 vocari

80 3048 186 3102 Primus
197 3049 224 3101 in
236 3066 311 3102 arma
321 3048 394 3118 jube,
408 3058 434 3101 et
447 3050 564 3118 clipeum
577 3064 652 3117 cape,
666 3064 748 3116 quem
760 3045 836 3100 dedit
847 3048 907 3117 ipse

39 3157 93 3204 209.
113 3155 205 3204 Triton.
237 3157 284 3205 See
296 3167 320 3204 et
331 3157 347 3204 i.
362 3160 507 3205 lta—229.
524 3155 632 3204 Immitto.
666 3155 713 3203 See
730 3165 754 3203 et
765 3155 796 3203 vi.
810 3158 930 3203 1.-238.

16 3213 120 3271 Aeneas.
138 3230 177 3263 we
195 3230 253 3276 may
262 3231 378 3275 suppose,
397 3216 444 3264 had
463 3225 517 3264 sent
536 3216 578 3264 the
597 3214 721 3263 Arcadian
737 3214 796 3270 (viii.
813 3217 867 3269 518)
883 3213 931 3262 eud

16 3270 133 3323 fflmmri
148 3275 246 3335 ouvslry
257 3284 282 3323 to
293 3285 358 3323 meet
374 3275 426 3324 him
436 3285 461 3323 nt
472 3276 514 3324 the
530 3275 615 3324 mouth
627 3275 655 3322 ol
667 3274 708 3321 the
725 3273 796 3321 river.
829 3273 931 3322 Turnus

16 3334 217 3444 ”fffflllmg
225 3335 294 3442 thspr
304 3334 366 3443 sropu
376 3335 497 3444 corqqipin
524 3334 584 3384 with
594 3334 636 3382 the
646 3333 751 3394 'I'rojsns
762 3332 787 3380 in
795 3330 838 3381 the
849 3345 929 3394 camp.

23 3414 29 3426 ·
156 3410 234 3456 psum.
285 3409 340 3443 eea
360 3409 410 3444 vru.
469 3431 475 3453 ,
517 3409 538 3444 c.
