2078 3622
448 208 606 247 nunninus.

132 335 241 389 Dixerat
254 334 329 404 haec,
343 351 449 402 unoque
461 351 555 386 omnes
567 333 663 387 eadem
675 351 720 386 ore
733 334 893 390 fremebant.

133 404 179 457 Bis
190 421 269 457 senos
280 404 407 473 pepigere
419 403 484 472 dies,
498 413 524 455 et
536 420 603 472 pace
617 413 754 473 sequestra

132 474 184 526 Per
195 474 276 526 silvas
288 474 382 525 Teucri
396 473 524 542 mixtique
538 473 646 540 impune
660 474 747 526 Latini

133 544 261 595 Erravere
272 542 350 610 jugis.
388 543 466 594 ferro
479 550 554 594 sonat
565 542 619 594 alta
631 543 739 610 bipenni
935 548 978 597 135

133 612 263 665 Fraxinus
271 629 278 678 3
297 620 419 664 evertunt
431 620 506 663 actas
518 612 551 663 ad
565 612 652 662 sidera
664 611 739 681 pinos
747 627 754 677 ;

131 681 234 734 Robora
246 698 295 733 uec
307 681 398 733 cuneis
410 690 436 733 et
449 681 566 732 olentem
579 681 699 733 scindere
712 680 830 748 cedrum,

130 752 190 804 Nec
202 748 325 818 plaustris
337 760 444 802 cessant
457 759 562 801 vectare
574 749 744 818 gementibus
755 766 841 803 ornos.

166 820 201 871 Et
211 819 267 888 jam
281 819 365 871 Fama
377 821 476 887 volans,
491 820 554 870 tanti
569 820 724 887 praenuntia
736 820 831 888 luctus,

131 888 286 941 Evandrum
300 888 468 957 Evandrique
480 888 573 940 domos
584 897 611 939 et
624 889 730 940 moenia
743 888 834 958 replet,
932 892 978 942 uo

130 957 206 1015 Quae
218 957 297 1009 modo
310 958 437 1010 rictorem
449 959 524 1010 Latio
538 957 658 1009 Pallanta
670 958 781 1010 ferebat.

130 1026 250 1078 Arcades
261 1026 295 1077 ad
308 1036 396 1095 portas
408 1044 492 1096 ruere,
506 1028 579 1078 etde
593 1044 665 1080 more
678 1036 782 1080 vetusto

130 1095 267 1148 Funereas
279 1112 390 1165 rapuere
403 1096 478 1149 laces
486 1113 493 1163 3
512 1096 583 1149 lucet
596 1096 639 1147 via
651 1096 727 1163 longo

130 1165 227 1217 Ordine
240 1165 417 1235 flammarum,
431 1174 458 1217 et
470 1166 523 1217 late
534 1165 699 1217 discriminat
711 1182 795 1233 agros.

130 1235 226 1286 Contra
238 1234 314 1288 turba
327 1234 462 1304 Phrygum
475 1235 585 1286 veniens
597 1234 749 1303 plangentia
760 1233 845 1304 jungit
930 1242 977 1291 145

130 1304 254 1369 Agmina.
290 1304 364 1363 Quae
377 1312 517 1373 postquam
529 1311 629 1356 matres
641 1305 786 1356 succedere
800 1305 878 1358 tectis

129 1372 266 1441 Viderunt,
279 1381 410 1425 moestam
424 1373 568 1426 incendunt
581 1373 740 1425 clamoribus
752 1373 854 1427 urbem.

129 1445 165 1493 At
177 1457 228 1493 nou
242 1441 395 1495 Evandrum
408 1444 476 1511 potis
489 1452 529 1495 est
542 1442 583 1494 ris
595 1442 649 1495 ulla
661 1451 768 1509 tenere,

129 1509 182 1562 Sed
193 1514 266 1563 venit
279 1511 306 1564 in
318 1510 429 1563 medios.
467 1512 574 1564 Feretro
587 1511 705 1564 Pallanta
718 1519 822 1580 reposto

129 1578 274 1632 Procubuit
302 1597 389 1649 super,
414 1588 496 1649 atque
519 1581 611 1633 haeret
635 1580 830 1650 lacrimansque
852 1599 977 1652 gemeus·

219 1666 251 1700 ne
930 1658 977 1706 150

128 1715 164 1770 Et
175 1665 219 1768 viri
231 1688 276 1769 vix
288 1715 397 1769 tandem
410 1716 469 1769 roci
481 1716 569 1769 laxata
581 1717 671 1770 dolore
684 1726 741 1770 est:

130 1787 204 1838 ‘Non
217 1785 293 1855 haec,
306 1801 322 1836 o
335 1785 416 1855 Palla,
429 1785 543 1838 dederas
554 1788 682 1855 promissa
694 1787 812 1856 parenti!

128 1855 238 1907 Cautius
250 1863 279 1907 ut
291 1871 371 1907 saevo
383 1854 468 1908 velles
480 1864 507 1908 te
519 1856 628 1909 credere
640 1856 738 1910 Marti!

128 1924 207 1976 Haud
219 1924 326 1992 ignarus
338 1940 419 1994 eram,
433 1934 563 1994 quantum
575 1943 644 1978 nova
655 1926 738 1994 gloria
750 1925 777 1978 iu
788 1927 872 1980 armis

128 1994 163 2046 Et
176 1993 318 2062 praedulce
330 1993 415 2046 decus
426 1995 511 2063 primo
523 1997 669 2048 certamine
679 2004 778 2064 posset.
929 2002 976 2050 155

129 2062 264 2115 Primitiae
275 2061 381 2132 juvenis
391 2065 515 2132 miserae,
528 2063 646 2134 bellique
657 2065 796 2134 propinqui

129 2132 202 2184 Dura
215 2131 383 2185 rudimenta!
404 2141 431 2186 et
442 2133 509 2185 nulli
521 2134 647 2186 exaudita
658 2135 769 2187 deorum

126 2200 195 2253 Vota
206 2218 353 2271 precesque
366 2201 460 2255 meae!
481 2210 508 2255 tu
529 2219 571 2270 ue,
585 2219 600 2255 o
612 2203 780 2256 sanctissima
791 2201 915 2274 conjunx,

128 2268 204 2322 Felix
216 2279 300 2322 morte
313 2279 366 2337 tua,
379 2287 467 2340 neque
479 2218 591 2325 inbono
602 2281 707 2326 servata
718 2272 852 2325 dolorem!

128 2339 224 2390 Contra
236 2355 286 2406 ego
299 2338 414 2391 vivendo
426 2339 476 2392 vici
488 2356 551 2392 moa
561 2340 625 2410 lata,
639 2349 775 2411 superstes
928 2346 976 2396 160

127 2407 266 2459 Restarem
279 2416 307 2459 ut
319 2407 429 2474 genitor.
465 2409 564 2462 Troum
577 2409 650 2461 socie
660 2427 735 2463 arma
747 2416 871 2464 secutum

128 2474 275 2527 Obruerent
286 2475 376 2528 Rutuli
390 2476 465 2528 telis!
486 2477 607 2529 animam
618 2478 676 2546 ipse
688 2477 834 2547 dedissem,

127 2545 218 2612 Atque
230 2541 299 2595 haec
310 2560 407 2612 pompa
418 2544 529 2597 domum
540 2561 594 2614 me,
607 2561 658 2597 uon
671 2545 798 2615 Pallanta,
812 2548 938 2604 referret!

127 2613 187 2665 Nec
199 2629 246 2666 vos
258 2612 398 2681 arguerim,
411 2612 515 2683 Teucri,
529 2630 579 2666 nec
590 2613 706 2684 foedera,
722 2630 774 2667 nec
785 2631 853 2684 quas

127 2683 269 2737 iunximus
281 2681 393 2751 hospitio
405 2681 526 2736 dextras:
546 2699 603 2736 sors
614 2683 664 2736 ista
676 2693 802 2737 senectae
926 2692 975 2743 165

127 2752 225 2805 Debita
237 2761 293 2805 erat
305 2759 420 2804 nostrae.
456 2752 532 2812 Quod
545 2753 568 2805 si
579 2753 722 2807 immatura
733 2752 860 2809 manebat

126 2820 203 2874 Mors
214 2832 314 2891 natum,
328 2821 415 2874 caeeis
426 2821 583 2875 Volscorum
594 2822 716 2877 millibus
726 2832 789 2877 ante

126 2890 278 2944 Ducentem
290 2892 316 2942 iu
330 2889 435 2943 Latium
448 2892 566 2945 Teucros
578 2892 709 2946 cecidisse
719 2892 833 2963 iuvaret.

127 2959 197 3016 Quin
210 2976 259 3028 ego
271 2976 323 3013 non
336 2959 388 3012 alio
399 2959 493 3028 digner
504 2968 532 3013 te
544 2960 646 3032 lunare,
660 2961 741 3033 Palla,

126 3027 213 3085 Quam
225 3029 285 3098 pius
296 3031 410 3099 Aeneas,
421 3038 447 3082 et
456 3047 538 3100 quam
549 3031 640 3100 magui
651 3030 779 3103 PhrygeS,
789 3038 817 3086 et
827 3048 912 3103 quam
926 3038 974 3089 170

87 3179 138 3224 135.
160 3177 227 3224 Atta.
251 3177 342 3224 Others
353 3179 411 3226 read
421 3184 573 3228 actm—142.
604 3180 692 3236 liuere,
706 3180 972 3233 thehietoricetintlet·

57 3247 115 3283 uve.
148 3236 246 3295 Zumpt,
260 3237 273 3287 0
285 3240 435 3286 509.-157.
458 3237 538 3292 Nulli,
552 3256 566 3286 a
580 3239 654 3287 nullo.
686 3240 785 3299 Zumpt,
797 3240 972 3293 0410-100

62 3292 161 3342 Vincere
171 3298 277 3363 suaseto
287 3295 308 3342 is
319 3304 344 3342 to
355 3295 434 3343 defeat
447 3297 488 3344 the
504 3298 616 3358 ordinary
626 3298 678 3346 rule
689 3298 718 3346 of
729 3299 786 3356 iate,
800 3298 854 3347 that
868 3298 912 3349 tlte
926 3314 972 3353 m

56 3352 144 3400 elrould
161 3369 257 3402 survive
274 3355 315 3402 the
331 3354 513 3404 lethea-162.
534 3356 674 3415 obruerent,
690 3359 792 3407 obruere
807 3356 974 3411 debebunt.-

58 3412 110 3459 168.
128 3411 219 3461 Others
229 3413 287 3462 read
296 3415 438 3475 111υώ0.-
448 3418 498 3465 170.
529 3416 622 3465 deviem
634 3415 804 3477 dignatusest.
