2078 3622
444 175 538 217 crena
557 176 577 216 r.
933 164 971 221 vt

111 299 222 360 Obluit:
241 310 289 356 eut
301 302 376 358 illurn
388 313 543 373 surgentem
555 303 671 358 vallibus
683 304 745 359 imis

113 374 214 429 Aerias
227 373 322 442 fugere
333 391 414 442 grues
421 391 429 443 3
447 383 495 427 aut
508 375 606 427 bucula
618 375 727 428 coelum
919 380 971 430 ste

112 445 270 514 Suspicione
281 443 381 512 patulis
392 444 511 513 captavit
523 444 633 498 naribus
645 461 725 497 aures
732 459 741 512 3

112 516 169 568 Aut
181 521 275 582 arguta
286 512 363 566 lacus
375 514 599 567 circumvolitavit
611 514 741 582 hirundo3

113 585 149 637 Et
161 591 282 636 veterem
295 582 321 635 in
332 583 398 636 limo
411 599 492 636 ranae
504 584 628 636 cecinere
640 584 789 652 querelam.

113 653 228 723 Saepius
240 661 267 704 et
280 654 359 705 tectis
371 653 554 721 penetralibus
566 653 662 706 extulit
674 670 725 706 ova

112 724 267 791 Angustum
279 722 393 775 formica
404 730 495 776 terens
507 723 572 792 iter3
592 732 619 775 et
632 723 699 776 bibit
710 723 806 792 ingens
919 728 970 778 380

113 795 202 845 Arcus
209 809 217 861 3
235 799 263 844 et
274 809 290 844 e
302 801 381 862 pastu
392 792 530 845 decedens
540 794 649 862 agmine
661 809 759 861 magno

112 863 256 914 Corvorurn
269 861 399 930 increpuit
411 862 504 916 densis
515 863 651 916 exercitus
661 862 721 914 alis.

110 931 172 984 Jam
184 931 272 984 varias
283 931 371 1001 pelagi
384 932 513 1001 volucres,
528 941 555 985 et
567 949 637 1001 quae
650 933 716 985 Asia
728 933 830 987 circum

114 1000 247 1054 Dulcibus
258 1001 284 1053 in
297 1001 399 1069 stagnis
410 1002 540 1054 rimantur
551 1011 627 1072 prata
639 1002 749 1073 Caystri,

112 1070 242 1123 Certatim
254 1070 341 1138 largos
353 1071 474 1123 humeris
484 1071 625 1124 infundere
638 1088 717 1141 rores,
919 1076 969 1125 ³85

113 1140 193 1193 Nunc
206 1148 287 1208 caput
298 1139 434 1208 objectare
447 1140 530 1209 fretis,
544 1157 616 1194 nunc
628 1157 734 1194 currere
746 1142 775 1196 in
786 1141 882 1212 undas,

114 1209 149 1263 Et
162 1209 249 1262 studio
262 1209 397 1263 incassum
411 1209 505 1262 videas
517 1211 616 1278 gestire
628 1210 745 1263 lavandi.

114 1279 186 1332 Tum
198 1278 290 1331 comis
304 1279 384 1349 plena
397 1279 517 1348 pluviam
530 1288 608 1332 vocat
620 1280 742 1348 improba
753 1296 828 1351 voce,

113 1349 148 1402 Et
160 1348 217 1401 sola
228 1349 255 1401 in
268 1349 341 1401 sicca
354 1365 449 1402 secum
461 1350 589 1418 spatiatur
600 1365 688 1402 arena.

112 1419 155 1471 Ne
168 1427 296 1471 nocturna
307 1418 420 1487 quidem
431 1427 573 1488 carpentes
584 1435 668 1487 pensa
679 1419 786 1489 puellae
918 1425 969 1475 390

113 1488 261 1541 Nescivere
272 1487 402 1558 hiemem,
417 1496 486 1540 testa
498 1505 562 1540 cum
573 1487 684 1541 ardente
696 1489 818 1544 viderent

113 1556 261 1610 Scintillare
274 1558 372 1626 oleum,
386 1566 414 1610 et
426 1559 512 1626 putris
523 1575 696 1611 concrescere
709 1558 814 1628 fungos.

146 1627 206 1679 Nec
219 1627 308 1680 minus
320 1643 354 1680 ex
367 1628 446 1680 imbri
459 1627 529 1680 soles
542 1637 569 1681 et
581 1637 675 1697 aperta
687 1645 782 1682 serena

112 1695 267 1765 Prospicere
280 1704 306 1748 et
319 1697 400 1749 certis
412 1698 511 1766 poteris
522 1714 683 1766 cognoscere
696 1699 787 1766 signis.

111 1766 184 1818 Nem
196 1783 285 1834 neque
299 1774 358 1819 tum
370 1767 456 1819 stellis
466 1767 540 1820 acies
552 1769 648 1820 obtusa
659 1767 774 1838 videtur,
917 1774 968 1823 395

112 1835 171 1888 Nec
182 1834 271 1888 fratris
283 1835 363 1888 radiis
374 1835 489 1889 obnoxia
501 1853 609 1904 surgere
622 1838 705 1906 Luna,

112 1904 216 1958 Tenuis
228 1921 280 1957 nec
291 1904 369 1958 lanae
382 1923 431 1974 per
442 1906 550 1959 coelum
562 1907 661 1959 vellera
674 1906 752 1975 letri3

112 1974 173 2027 Non
185 1973 307 2044 tepidum
319 1974 354 2027 ad
367 1975 452 2028 solem
467 1993 571 2045 pennas
583 1977 610 2029 in
620 1976 697 2028 litore
709 1976 829 2044 pandunt

112 2043 234 2096 Dilectae
246 2043 357 2096 Thetidi
369 2044 497 2114 alcyones
504 2062 512 2112 3
531 2062 583 2098 non
595 2061 640 2096 ore
652 2044 754 2098 solutes

112 2112 248 2166 Immundi
259 2115 410 2167 meminere
423 2132 486 2168 sues
503 2113 603 2184 jactare
615 2114 756 2183 maniplos.
917 2122 969 2172 400

112 2185 148 2235 At
159 2183 276 2236 nebulae
288 2183 375 2251 magis
387 2184 443 2238 ima
454 2192 548 2254 petunt
561 2200 711 2253 campoque
723 2184 883 2241 recumbunt
890 2202 898 2257 3

112 2252 179 2306 Solis
189 2261 217 2305 et
228 2269 356 2306 occasum
368 2270 478 2306 servans
489 2253 524 2306 de
536 2253 654 2306 culmine
666 2269 773 2308 summo

112 2321 307 2392 Nequidquam
317 2339 392 2376 seros
403 2332 512 2376 exercet
523 2333 622 2377 noctua
632 2332 737 2378 cantus.

111 2394 231 2462 Apparet
241 2391 342 2461 liquido
354 2392 477 2446 sublimis
488 2393 515 2446 in
527 2397 590 2446 aere
601 2394 691 2462 Nisus,

112 2461 146 2515 Et
158 2478 205 2530 pro
216 2478 348 2532 purpureo
396 2479 463 2516 enas
474 2462 520 2516 dat
533 2463 621 2533 Scylla
633 2463 746 2532 capillo:
916 2470 967 2520 ⁴05

112 2530 290 2601 Quacumque
302 2531 349 2584 illa
371 2549 450 2586 evern
463 2533 570 2601 fugiens
581 2542 655 2585 secet
667 2533 778 2586 aethera
789 2534 894 2605 pennis,

111 2600 201 2655 Ecce!
222 2600 354 2671 inimicus,
368 2612 451 2673 atrox,
465 2619 562 2671 magno
574 2602 685 2656 stridore
697 2620 745 2672 per
756 2619 837 2656 aures

113 2671 266 2740 Insequitur
277 2672 303 2724 N
305 2671 378 2741 isus3
396 2689 450 2741 que
462 2689 492 2724 se
504 2673 556 2725 fert
567 2672 650 2726 Nisus
661 2672 696 2725 ad
708 2689 794 2740 auras,

111 2739 161 2792 Illa
173 2741 264 2793 levem
276 2740 382 2809 fugiens
394 2742 492 2811 raptim
505 2750 579 2795 secat
591 2741 702 2794 aethera
714 2743 819 2810 pennis.

110 2810 181 2863 Turn
193 2809 310 2880 liquidus
321 2811 393 2864 corvi
405 2827 496 2881 presso
509 2820 550 2864 ter
561 2818 669 2878 gutture
681 2826 763 2862 voces
914 2816 967 2866 410

110 2882 165 2932 Aut
177 2888 272 2959 quater
284 2880 466 2949 ingeminant3
485 2889 511 2933 et
524 2896 606 2948 saepe
619 2879 756 2932 cubilibus
767 2877 837 2952 eltis,

110 2949 209 3002 Nescio
221 2965 276 3019 qua
287 2959 393 3018 praeter
404 2950 514 3003 solitum
525 2948 670 3003 dulcedine
683 2948 755 3019 laeti,

110 3018 182 3071 Inter
193 3035 223 3071 se
236 3019 263 3071 in
275 3017 346 3073 soliis
359 3020 516 3088 strepitaut3
533 3019 616 3088 juvet,
630 3018 762 3072 imbribus
773 3019 847 3092 actis,

109 3088 269 3157 Progeniem
282 3105 395 3157 parvam
407 3089 549 3158 dulcisque
561 3091 678 3142 revisere
691 3088 776 3144 nidos.

109 3157 188 3212 Haud
202 3157 330 3227 equidem
342 3157 430 3228 credo,
444 3158 508 3228 quia
520 3159 555 3212 sit
567 3157 697 3212 divinitus
708 3159 763 3212 illis
810 3215 814 3221 ,
914 3163 966 3212 415

109 3227 261 3296 Ingenium,
274 3236 322 3281 aut
334 3245 423 3280 rerum
436 3228 491 3280 lato
503 3228 646 3297 prudentia
658 3227 759 3298 mejor3

108 3296 218 3367 Verum,
233 3289 280 3350 ubi
293 3306 441 3368 tempestas
453 3305 480 3350 et
493 3297 561 3350 coeli
574 3296 682 3350 mobilis
693 3297 790 3350 humor

149 3430 263 3478 sss-423.
282 3428 338 3479 'l'he
349 3429 502 3492 prognostica
513 3427 566 3478 that
577 3427 672 3477 seretell
684 3425 729 3477 sair
738 3426 854 3476 westher.
