2086 3622
435 186 528 227 LIBER
548 187 588 227 lv.

123 314 270 385 Sufficiunt,
283 313 411 384 aulasque
423 321 451 367 et
462 330 540 367 cerea
552 329 633 382 regna
644 312 786 381 refingnnt.

122 384 209 454 Saepe
222 384 304 438 etiam
316 385 389 437 duris
401 383 510 437 errando
523 383 550 436 in
563 382 667 436 cotibus
678 382 736 434 alas

123 455 264 524 Attrivere,
277 453 397 523 ultroque
409 454 527 506 animam
541 453 590 506 sub
602 451 675 504 fasce
687 451 802 504 dedere:

123 523 225 575 Tantus
236 541 310 577 amor
321 523 416 576 florum
430 531 457 575 et
469 521 612 589 generandi
623 520 706 590 gloria
719 521 814 574 mellis.
920 524 970 572 205

124 591 193 658 Ergo
205 593 276 661 ipsas
287 593 411 661 quamvis
422 592 528 659 angusti
541 591 669 643 terminus
681 591 742 643 aevi

124 660 367 730 Excipiet-neque
379 662 451 713 enirn
463 660 524 729 plus
535 660 650 728 septima
661 658 767 712 ducitur
777 668 902 712 aestas-

123 732 158 782 nt
170 746 256 797 genus
268 730 419 782 immortale
432 736 531 798 manet,
544 728 695 797 multosque
708 745 755 799 per
765 745 850 782 annos

124 797 179 850 Stat
192 799 296 851 fortuna
307 799 411 867 domne,
425 806 452 850 et
464 798 507 850 avi
520 806 692 851 numerantur
704 813 823 850 avorum.

124 868 272 937 Praeterea,
286 884 378 934 regem
390 883 441 919 non
454 868 493 919 sio
505 869 645 936 Aegyptus
657 874 684 918 et
695 866 789 934 ingens
919 872 970 920 210

124 935 215 1004 Lydia,
229 953 280 989 nec
291 936 382 1006 populi
395 935 551 989 Parthorum
564 944 609 988 aut
622 935 722 988 Medus
733 935 876 1005 Hydaspes

124 1005 280 1057 Observant.
315 1006 389 1073 Rege
402 1004 536 1074 incolumi,
549 1022 627 1058 mens
642 1004 766 1057 omnibus
777 1021 830 1057 una
842 1013 883 1058 est
890 1023 900 1076 3

124 1075 238 1141 Amisso,
252 1091 346 1143 rupere
359 1074 450 1142 fidem,
464 1082 667 1193 constructaque
679 1073 763 1143 mella

124 1143 261 1211 Diripuere
274 1145 356 1212 ipsae,
369 1152 396 1195 et
407 1151 494 1196 crates
505 1144 608 1196 solvere
631 1159 750 1195 avorum.

124 1211 173 1262 llle
186 1228 296 1279 operum
309 1220 405 1279 custoS,
418 1212 495 1264 illurn
507 1212 677 1280 admirantur,
691 1220 718 1262 et
730 1227 824 1263 omnes
920 1216 969 1264 215

124 1281 302 1331 Circumstant
314 1279 421 1332 fremitu
438 1280 528 1349 denso,
541 1281 692 1348 stipantque
704 1280 866 1350 frequentes,

124 1350 158 1400 Et
167 1365 245 1416 saepe
254 1347 376 1400 attollunt
389 1346 514 1416 humeris,
528 1356 554 1399 et
566 1364 674 1417 corpora
685 1348 756 1401 bello

124 1416 274 1487 Objectant,
287 1415 480 1486 pulchramque
492 1426 586 1486 petunt
598 1435 645 1487 per
658 1417 765 1469 vulnera
778 1426 899 1471 mortem.

159 1487 207 1538 His
219 1486 327 1555 quidam
342 1486 431 1556 signis,
444 1496 526 1556 atque
537 1486 605 1539 haec
618 1503 696 1539 exem
717 1486 742 1538 la
754 1488 847 1558 secuti,

124 1556 190 1607 Esse
203 1556 299 1623 apibus
310 1566 412 1624 partem
425 1555 533 1609 divinae
544 1557 643 1609 mentis
654 1565 681 1608 et
694 1504 804 1609 haustus
919 1561 970 1609 220

124 1625 265 1677 Aetherios
276 1625 384 1688 dixere3
403 1626 485 1679 deum
498 1643 615 1694 namque
627 1626 665 1678 ire
677 1642 724 1695 per
735 1626 823 1679 omnis

125 1693 272 1762 Terraeque
285 1702 436 1764 tractusque
448 1696 530 1748 maris
541 1694 701 1764 coelumque
712 1693 873 1764 profundum
880 1713 889 1765 5

124 1762 192 1814 Hinc
204 1762 328 1832 pecudes,
341 1772 469 1832 armenta,
482 1765 559 1833 viros,
571 1781 657 1833 genus
667 1781 748 1818 omne
760 1765 885 1836 ferarum,

124 1831 266 1901 Quemque
279 1831 329 1885 sibi
342 1833 431 1885 tenuis
443 1843 598 1886 nascentem
610 1850 745 1886 arcessere
757 1834 842 1903 vitas,

125 1899 230 1953 Scilicet
242 1901 295 1954 huc
307 1901 383 1954 reddi
395 1901 494 1955 deinde
505 1920 538 1955 ac
550 1903 664 1955 resoluta
676 1902 767 1954 referri
918 1906 969 1955 225

125 1970 227 2038 Omnia,
242 1986 292 2022 nec
305 1971 381 2022 morti
394 1987 455 2023 esse
468 1971 557 2023 locum
565 1988 572 2039 3
591 1970 639 2023 sed
651 1972 712 2023 viva
724 1971 814 2023 volare

125 2037 224 2090 Sideris
236 2038 264 2090 in
276 2055 419 2091 numerum
431 2048 511 2108 atque
524 2040 576 2091 alto
589 2039 733 2092 succedere
746 2039 830 2092 caelo.

160 2107 186 2158 Si
199 2106 304 2175 quando
317 2107 409 2159 sedern
422 2116 562 2175 angustam
575 2118 732 2178 servataque
744 2107 827 2161 mella

125 2175 272 2227 Thesauris
284 2176 388 2244 relines,
402 2177 475 2245 prius
487 2176 584 2229 haustu
597 2193 706 2245 sparsus
716 2194 848 2246 aquamm

124 2245 176 2295 Ora
187 2243 255 2312 fore,
269 2244 409 2314 fumosque
421 2263 502 2298 manu
513 2245 659 2315 praetende
671 2246 802 2317 sequacis.
920 2250 970 2298 230

124 2313 170 2365 Bis
180 2313 303 2381 gravidos
315 2323 412 2383 cogunt
423 2315 501 2385 setus,
515 2314 568 2368 duo
580 2324 699 2384 tempora
711 2316 815 2387 messis,

124 2382 245 2452 Taygete
258 2383 339 2436 simul
350 2400 380 2437 os
392 2385 469 2438 terris
479 2384 595 2438 ostendit
607 2384 750 2439 honestum

124 2452 195 2504 Plias
207 2462 234 2504 et
245 2453 343 2506 Oceani
356 2462 458 2523 spretos
468 2455 537 2524 pede
550 2454 645 2523 repulit
656 2455 752 2534 amnis,

123 2524 178 2573 Aut
190 2521 285 2575 eadem
299 2522 372 2575 sidus
384 2522 488 2591 lugiens
500 2524 547 2577 ubi
558 2523 645 2577 Piscis
656 2540 748 2594 aquosi

123 2589 231 2643 Tristior
242 2591 367 2645 hibernas
378 2592 453 2645 caelo
465 2593 603 2647 descendit
616 2594 642 2647 in
654 2594 748 2646 nudas.
918 2596 969 2646 235

122 2658 179 2710 Illis
190 2659 227 2710 ira
238 2661 348 2714 modurn
361 2679 440 2730 supra
452 2671 500 2742 est,
514 2663 658 2732 laesaeque
671 2679 806 2716 venenum

122 2727 259 2781 Morsibus
271 2730 406 2799 inspirant,
420 2739 446 2783 et
459 2732 560 2800 spicula
572 2748 655 2784 caeca
667 2731 820 2800 relinquunt

122 2796 229 2848 Affixae
242 2799 323 2867 venis,
336 2800 494 2868 animasque
507 2800 535 2852 in
547 2799 655 2851 volnere
667 2808 777 2868 ponunt.

158 2864 201 2916 Sin
215 2865 309 2919 duram
322 2880 428 2919 metues
440 2867 560 2920 hiemem
572 2884 719 2936 parcesque
731 2868 819 2922 futuro

122 2934 322 3003 Contunsosque
334 2936 438 2988 animos
450 2945 478 2989 et
490 2953 532 2989 res
544 2936 706 2989 miserabere
718 2936 823 3009 fractas,
918 2943 968 2992 240

122 3005 158 3055 At
170 3003 260 3055 suffire
273 3003 373 3072 thymo,
387 3021 516 3074 cerasque
530 3005 647 3057 recidere
659 3006 729 3058 inani

121 3071 188 3130 Quis
199 3072 323 3126 dubitet?
342 3090 405 3126 nam
418 3090 499 3143 saepe
511 3074 587 3127 savos
599 3075 606 3126 i
643 3084 702 3128 otus
749 3073 805 3129 edit

121 3141 218 3211 Stellio,
234 3154 261 3194 et
273 3142 399 3211 lucifugis
411 3151 535 3210 congesta
547 3143 607 3197 cubi
620 3145 644 3196 ia
656 3144 752 3214 blattis,

78 3260 192 3307 alo-218.
209 3258 285 3308 Their
295 3259 408 3308 devotion
420 3270 445 3308 to
456 3260 518 3308 their
529 3260 588 3321 king
603 3264 698 3320 [queen]
707 3296 712 3308 .
721 3265 873 3310 -219-227.
890 3259 956 3310 Infer

48 3330 111 3365 once
126 3317 210 3365 drawn
225 3319 258 3378 by
268 3334 336 3367 some
352 3319 520 3378 philosophers
531 3319 592 3367 from
603 3319 644 3367 the
656 3330 740 3367 nature
752 3320 780 3367 cl'
792 3324 858 3367 bees.
867 3323 950 3368 -228

47 3376 104 3425 288.
119 3374 185 3424 How
194 3386 220 3424 to
230 3378 333 3435 proceed
344 3379 415 3426 when
426 3378 489 3426 their
500 3379 580 3439 honey
591 3379 612 3426 is
623 3379 726 3427 desired.
735 3407 766 3417 -
773 3382 888 3428 23Η50.
905 3379 953 3430 Pte

47 3434 160 3485 cautious
170 3435 264 3498 against
275 3437 465 3499 vermin'during
475 3438 563 3487 winter
572 3437 768 3486 recommendcd·
