<?xml version="1.0" encoding="UTF-8"?>
<!DOCTYPE html PUBLIC "-//W3C//DTD XHTML 1.0 Transitional//EN"
    "http://www.w3.org/TR/xhtml1/DTD/xhtml1-transitional.dtd">
<html xmlns="http://www.w3.org/1999/xhtml" xml:lang="en" lang="en">
 <head>
  <title>
</title>
<meta http-equiv="Content-Type" content="text/html;charset=utf-8" />
  <meta name='ocr-system' content='tesseract 3.04.00' />
  <meta name='ocr-capabilities' content='ocr_page ocr_carea ocr_par ocr_line ocrx_word'/>
</head>
<body>
  <div class='ocr_page' id='page_1' title='image "./carmina00virggoog_0426.png"; bbox 0 0 2078 3622; ppageno 0'>
   <div class='ocr_carea' id='block_1_1' title="bbox 441 192 601 233">
    <p class='ocr_par' dir='ltr' id='par_1_1' title="bbox 441 192 601 233">
     <span class='ocr_line' id='line_1_1' title="bbox 441 192 601 233; baseline -0.031 0"><span class='ocrx_word' id='word_1_1' title='bbox 441 192 601 233; x_wconf 72' lang='lat' dir='ltr'>AENEIDOS.</span> 
     </span>
    </p>
   </div>
   <div class='ocr_carea' id='block_1_2' title="bbox 38 319 978 3017">
    <p class='ocr_par' dir='ltr' id='par_1_2' title="bbox 128 319 788 390">
     <span class='ocr_line' id='line_1_2' title="bbox 128 319 788 390; baseline -0.008 -15"><span class='ocrx_word' id='word_1_2' title='bbox 128 322 188 375; x_wconf 85' lang='lat' dir='ltr'>Neo</span> <span class='ocrx_word' id='word_1_3' title='bbox 201 339 260 373; x_wconf 85' lang='lat' dir='ltr'>sese</span> <span class='ocrx_word' id='word_1_4' title='bbox 273 324 382 374; x_wconf 81' lang='lat' dir='ltr'>Aeneae</span> <span class='ocrx_word' id='word_1_5' title='bbox 394 322 502 390; x_wconf 81' lang='lat' dir='ltr'>jactavit</span> <span class='ocrx_word' id='word_1_6' title='bbox 515 320 624 372; x_wconf 85' lang='lat' dir='ltr'>vnlnere</span> <span class='ocrx_word' id='word_1_7' title='bbox 638 319 788 387; x_wconf 80' lang='lat' dir='ltr'>qnisquam.</span> 
     </span>
    </p>

    <p class='ocr_par' dir='ltr' id='par_1_3' title="bbox 129 388 978 665">
     <span class='ocr_line' id='line_1_3' title="bbox 164 388 839 459; baseline -0.003 -17"><span class='ocrx_word' id='word_1_8' title='bbox 164 392 276 459; x_wconf 87' lang='lat' dir='ltr'>Turnus,</span> <span class='ocrx_word' id='word_1_9' title='bbox 291 401 319 443; x_wconf 89' lang='lat' dir='ltr'>ut</span> <span class='ocrx_word' id='word_1_10' title='bbox 332 396 442 443; x_wconf 80' lang='lat' dir='ltr'>Aenean</span> <span class='ocrx_word' id='word_1_11' title='bbox 455 391 594 441; x_wconf 75' lang='lat' dir='ltr'>erulentrnn</span> <span class='ocrx_word' id='word_1_12' title='bbox 610 406 643 440; x_wconf 79' lang='lat' dir='ltr'>rur</span> <span class='ocrx_word' id='word_1_13' title='bbox 654 390 760 453; x_wconf 70' lang='lat' dir='ltr'>rigranne</span> <span class='ocrx_word' id='word_1_14' title='bbox 774 388 839 440; x_wconf 86' lang='lat' dir='ltr'>vidit</span> 
     </span>
     <span class='ocr_line' id='line_1_4' title="bbox 129 458 978 528; baseline -0.001 -17"><span class='ocrx_word' id='word_1_15' title='bbox 129 460 313 528; x_wconf 78' lang='lat' dir='ltr'>Turbatosque</span> <span class='ocrx_word' id='word_1_16' title='bbox 326 461 417 528; x_wconf 87' lang='lat' dir='ltr'>duces,</span> <span class='ocrx_word' id='word_1_17' title='bbox 432 461 519 510; x_wconf 86' lang='lat' dir='ltr'>subita</span> <span class='ocrx_word' id='word_1_18' title='bbox 531 476 578 526; x_wconf 80' lang='lat' dir='ltr'>spe</span> <span class='ocrx_word' id='word_1_19' title='bbox 590 458 711 510; x_wconf 76' lang='lat' dir='ltr'>l&#39;erviilus</span> <span class='ocrx_word' id='word_1_20' title='bbox 723 458 813 525; x_wconf 73' lang='lat' dir='ltr'>ardet,</span> <span class='ocrx_word' id='word_1_21' title='bbox 928 463 978 511; x_wconf 80' lang='lat'>325</span> 
     </span>
     <span class='ocr_line' id='line_1_5' title="bbox 130 526 875 597; baseline -0.004 -15"><span class='ocrx_word' id='word_1_22' title='bbox 130 530 217 582; x_wconf 84' lang='lat' dir='ltr'>Poscit</span> <span class='ocrx_word' id='word_1_23' title='bbox 230 547 313 597; x_wconf 87' lang='lat' dir='ltr'>eqnos</span> <span class='ocrx_word' id='word_1_24' title='bbox 325 540 406 597; x_wconf 87' lang='lat' dir='ltr'>atque</span> <span class='ocrx_word' id='word_1_25' title='bbox 419 528 592 595; x_wconf 79' lang='lat' dir='ltr'>armasimul,</span> <span class='ocrx_word' id='word_1_26' title='bbox 607 526 729 594; x_wconf 75' lang='lat' dir='ltr'><strong>saltuque</strong></span> <span class='ocrx_word' id='word_1_27' title='bbox 743 528 875 594; x_wconf 85' lang='lat' dir='ltr'>superbus</span> 
     </span>
     <span class='ocr_line' id='line_1_6' title="bbox 130 596 835 665; baseline -0.003 -15"><span class='ocrx_word' id='word_1_28' title='bbox 130 599 234 650; x_wconf 84' lang='lat' dir='ltr'>Emicat</span> <span class='ocrx_word' id='word_1_29' title='bbox 249 600 273 649; x_wconf 85' lang='lat' dir='ltr'>in</span> <span class='ocrx_word' id='word_1_30' title='bbox 286 616 399 665; x_wconf 83' lang='lat' dir='ltr'>currum,</span> <span class='ocrx_word' id='word_1_31' title='bbox 414 607 440 649; x_wconf 84' lang='lat' dir='ltr'>et</span> <span class='ocrx_word' id='word_1_32' title='bbox 453 599 577 650; x_wconf 89' lang='lat' dir='ltr'>manibus</span> <span class='ocrx_word' id='word_1_33' title='bbox 591 596 695 648; x_wconf 87' lang='lat' dir='ltr'>molitor·</span> <span class='ocrx_word' id='word_1_34' title='bbox 708 596 835 649; x_wconf 83' lang='lat' dir='ltr'>habenas.</span> 
     </span>
    </p>

    <p class='ocr_par' dir='ltr' id='par_1_4' title="bbox 130 666 790 733">
     <span class='ocr_line' id='line_1_7' title="bbox 130 666 790 733; baseline -0.005 -15"><span class='ocrx_word' id='word_1_35' title='bbox 130 668 219 719; x_wconf 88' lang='lat' dir='ltr'>IlIulta</span> <span class='ocrx_word' id='word_1_36' title='bbox 231 669 317 719; x_wconf 87' lang='lat' dir='ltr'>virum</span> <span class='ocrx_word' id='word_1_37' title='bbox 331 668 442 718; x_wconf 85' lang='lat' dir='ltr'>volitans</span> <span class='ocrx_word' id='word_1_38' title='bbox 454 668 500 718; x_wconf 86' lang='lat' dir='ltr'>dat</span> <span class='ocrx_word' id='word_1_39' title='bbox 514 666 590 718; x_wconf 82' lang='lat' dir='ltr'>fortia</span> <span class='ocrx_word' id='word_1_40' title='bbox 603 666 790 733; x_wconf 74' lang='lat' dir='ltr'>corporalem,</span> 
     </span>
    </p>

    <p class='ocr_par' dir='ltr' id='par_1_5' title="bbox 130 735 761 804">
     <span class='ocr_line' id='line_1_8' title="bbox 130 735 761 804; baseline -0.002 -17"><span class='ocrx_word' id='word_1_41' title='bbox 130 736 283 788; x_wconf 78' lang='lat' dir='ltr'>Semineces</span> <span class='ocrx_word' id='word_1_42' title='bbox 295 737 375 788; x_wconf 77' lang='lat' dir='ltr'>volvit</span> <span class='ocrx_word' id='word_1_43' title='bbox 388 736 493 804; x_wconf 86' lang='lat' dir='ltr'>inultos,</span> <span class='ocrx_word' id='word_1_44' title='bbox 507 746 552 786; x_wconf 89' lang='lat' dir='ltr'>ant</span> <span class='ocrx_word' id='word_1_45' title='bbox 564 735 672 802; x_wconf 81' lang='lat' dir='ltr'>agmina</span> <span class='ocrx_word' id='word_1_46' title='bbox 684 751 761 786; x_wconf 83' lang='lat' dir='ltr'>curru</span> 
     </span>
    </p>

    <p class='ocr_par' dir='ltr' id='par_1_6' title="bbox 130 803 978 873">
     <span class='ocr_line' id='line_1_9' title="bbox 130 803 978 873; baseline 0.001 -17"><span class='ocrx_word' id='word_1_47' title='bbox 130 806 248 871; x_wconf 86' lang='lat' dir='ltr'>Proterit,</span> <span class='ocrx_word' id='word_1_48' title='bbox 262 816 307 857; x_wconf 87' lang='lat' dir='ltr'>aut</span> <span class='ocrx_word' id='word_1_49' title='bbox 321 804 408 873; x_wconf 76' lang='lat' dir='ltr'>rapias</span> <span class='ocrx_word' id='word_1_50' title='bbox 421 805 584 871; x_wconf 78' lang='lat' dir='ltr'>fugientibus</span> <span class='ocrx_word' id='word_1_51' title='bbox 597 804 692 870; x_wconf 81' lang='lat' dir='ltr'><strong>ingerit</strong></span> <span class='ocrx_word' id='word_1_52' title='bbox 705 803 805 855; x_wconf 87' lang='lat' dir='ltr'>hastas.</span> <span class='ocrx_word' id='word_1_53' title='bbox 929 809 978 857; x_wconf 83' lang='lat'>33⁰</span> 
     </span>
    </p>

    <p class='ocr_par' dir='ltr' id='par_1_7' title="bbox 130 873 820 941">
     <span class='ocr_line' id='line_1_10' title="bbox 130 873 820 941; baseline -0.001 -17"><span class='ocrx_word' id='word_1_54' title='bbox 130 874 223 931; x_wconf 76' lang='lat' dir='ltr'>Qualis</span> <span class='ocrx_word' id='word_1_55' title='bbox 235 874 305 941; x_wconf 87' lang='lat' dir='ltr'>apud</span> <span class='ocrx_word' id='word_1_56' title='bbox 317 875 399 939; x_wconf 71' lang='lat' dir='ltr'>gelidi</span> <span class='ocrx_word' id='word_1_57' title='bbox 410 891 471 926; x_wconf 87' lang='lat' dir='ltr'>oum</span> <span class='ocrx_word' id='word_1_58' title='bbox 486 875 596 926; x_wconf 89' lang='lat' dir='ltr'>llumina</span> <span class='ocrx_word' id='word_1_59' title='bbox 608 874 728 924; x_wconf 85' lang='lat' dir='ltr'>concitus</span> <span class='ocrx_word' id='word_1_60' title='bbox 740 873 820 925; x_wconf 85' lang='lat' dir='ltr'>Hebri</span> 
     </span>
    </p>

    <p class='ocr_par' dir='ltr' id='par_1_8' title="bbox 130 941 869 1011">
     <span class='ocr_line' id='line_1_11' title="bbox 130 941 869 1011; baseline 0.001 -17"><span class='ocrx_word' id='word_1_61' title='bbox 130 942 295 1009; x_wconf 80' lang='lat' dir='ltr'>Sanguineus</span> <span class='ocrx_word' id='word_1_62' title='bbox 307 944 416 995; x_wconf 85' lang='lat' dir='ltr'>Mavors</span> <span class='ocrx_word' id='word_1_63' title='bbox 428 943 513 1011; x_wconf 86' lang='lat' dir='ltr'>clipeo</span> <span class='ocrx_word' id='word_1_64' title='bbox 526 944 651 1010; x_wconf 82' lang='lat' dir='ltr'>increpat,</span> <span class='ocrx_word' id='word_1_65' title='bbox 664 953 743 1009; x_wconf 88' lang='lat' dir='ltr'>atquc</span> <span class='ocrx_word' id='word_1_66' title='bbox 757 941 869 995; x_wconf 86' lang='lat' dir='ltr'>furentis</span> 
     </span>
    </p>

    <p class='ocr_par' dir='ltr' id='par_1_9' title="bbox 130 1012 861 1080">
     <span class='ocr_line' id='line_1_12' title="bbox 130 1012 861 1080; baseline 0 -17"><span class='ocrx_word' id='word_1_67' title='bbox 130 1012 205 1063; x_wconf 86' lang='lat' dir='ltr'>Bella</span> <span class='ocrx_word' id='word_1_68' title='bbox 217 1028 328 1063; x_wconf 90' lang='lat' dir='ltr'>movens</span> <span class='ocrx_word' id='word_1_69' title='bbox 341 1014 459 1065; x_wconf 80' lang='lat' dir='ltr'>imminit</span> <span class='ocrx_word' id='word_1_70' title='bbox 473 1028 572 1080; x_wconf 73' lang='lat' dir='ltr'>equos,</span> <span class='ocrx_word' id='word_1_71' title='bbox 591 1012 628 1062; x_wconf 92' lang='lat' dir='ltr'>illi</span> <span class='ocrx_word' id='word_1_72' title='bbox 640 1026 756 1079; x_wconf 89' lang='lat' dir='ltr'>aequore</span> <span class='ocrx_word' id='word_1_73' title='bbox 769 1020 861 1079; x_wconf 86' lang='lat' dir='ltr'>aperto</span> 
     </span>
    </p>

    <p class='ocr_par' dir='ltr' id='par_1_10' title="bbox 129 1079 920 1151">
     <span class='ocr_line' id='line_1_13' title="bbox 129 1079 920 1151; baseline 0.003 -19"><span class='ocrx_word' id='word_1_74' title='bbox 129 1084 200 1132; x_wconf 88' lang='lat' dir='ltr'>Ante</span> <span class='ocrx_word' id='word_1_75' title='bbox 213 1090 288 1133; x_wconf 84' lang='lat' dir='ltr'>notos</span> <span class='ocrx_word' id='word_1_76' title='bbox 301 1081 507 1150; x_wconf 82' lang='lat' dir='ltr'>Zephyrumque</span> <span class='ocrx_word' id='word_1_77' title='bbox 520 1080 620 1147; x_wconf 81' lang='lat' dir='ltr'>volant,</span> <span class='ocrx_word' id='word_1_78' title='bbox 638 1082 722 1143; x_wconf 64' lang='lat' dir='ltr'>gemit</span> <span class='ocrx_word' id='word_1_79' title='bbox 736 1079 829 1132; x_wconf 88' lang='lat' dir='ltr'>ultima</span> <span class='ocrx_word' id='word_1_80' title='bbox 840 1081 920 1151; x_wconf 87' lang='lat' dir='ltr'>pulsu</span> 
     </span>
    </p>

    <p class='ocr_par' dir='ltr' id='par_1_11' title="bbox 130 1149 975 1221">
     <span class='ocr_line' id='line_1_14' title="bbox 130 1149 975 1221; baseline 0.002 -20"><span class='ocrx_word' id='word_1_81' title='bbox 130 1149 234 1202; x_wconf 86' lang='lat' dir='ltr'>Thraca</span> <span class='ocrx_word' id='word_1_82' title='bbox 246 1150 344 1219; x_wconf 87' lang='lat' dir='ltr'>pedum</span> <span class='ocrx_word' id='word_1_83' title='bbox 355 1168 362 1219; x_wconf 76' lang='lat'><em>3</em></span> <span class='ocrx_word' id='word_1_84' title='bbox 380 1151 536 1219; x_wconf 84' lang='lat' dir='ltr'>circumque</span> <span class='ocrx_word' id='word_1_85' title='bbox 547 1158 619 1201; x_wconf 90' lang='lat' dir='ltr'>atrae</span> <span class='ocrx_word' id='word_1_86' title='bbox 632 1149 791 1202; x_wconf 84' lang='lat' dir='ltr'>Formidinis</span> <span class='ocrx_word' id='word_1_87' title='bbox 802 1167 855 1221; x_wconf 89' lang='lat' dir='ltr'>ora,</span> <span class='ocrx_word' id='word_1_88' title='bbox 928 1155 975 1203; x_wconf 90' lang='grc'>335</span> 
     </span>
    </p>

    <p class='ocr_par' dir='ltr' id='par_1_12' title="bbox 131 1219 800 1289">
     <span class='ocr_line' id='line_1_15' title="bbox 131 1219 800 1289; baseline -0.001 -18"><span class='ocrx_word' id='word_1_89' title='bbox 131 1219 250 1287; x_wconf 79' lang='lat' dir='ltr'>Iraeque,</span> <span class='ocrx_word' id='word_1_90' title='bbox 265 1220 440 1289; x_wconf 72' lang='lat' dir='ltr'>Insidiaeque,</span> <span class='ocrx_word' id='word_1_91' title='bbox 454 1220 498 1271; x_wconf 92' lang='lat' dir='ltr'>dei</span> <span class='ocrx_word' id='word_1_92' title='bbox 511 1220 660 1287; x_wconf 88' lang='lat' dir='ltr'>comitatus,</span> <span class='ocrx_word' id='word_1_93' title='bbox 673 1228 800 1287; x_wconf 84' lang='lat' dir='ltr'>aguntur:</span> 
     </span>
    </p>

    <p class='ocr_par' dir='ltr' id='par_1_13' title="bbox 131 1288 810 1357">
     <span class='ocr_line' id='line_1_16' title="bbox 131 1288 810 1357; baseline 0.001 -18"><span class='ocrx_word' id='word_1_94' title='bbox 131 1289 204 1339; x_wconf 89' lang='lat' dir='ltr'>Talis</span> <span class='ocrx_word' id='word_1_95' title='bbox 216 1306 298 1357; x_wconf 91' lang='lat' dir='ltr'>equos</span> <span class='ocrx_word' id='word_1_96' title='bbox 310 1291 399 1341; x_wconf 85' lang='lat' dir='ltr'>alacer</span> <span class='ocrx_word' id='word_1_97' title='bbox 412 1288 501 1342; x_wconf 89' lang='lat' dir='ltr'>media</span> <span class='ocrx_word' id='word_1_98' title='bbox 513 1289 580 1340; x_wconf 88' lang='lat' dir='ltr'>inter</span> <span class='ocrx_word' id='word_1_99' title='bbox 592 1288 692 1355; x_wconf 87' lang='lat' dir='ltr'>proelia</span> <span class='ocrx_word' id='word_1_100' title='bbox 704 1290 810 1340; x_wconf 91' lang='lat' dir='ltr'>Turnus</span> 
     </span>
    </p>

    <p class='ocr_par' dir='ltr' id='par_1_14' title="bbox 131 1357 745 1427">
     <span class='ocr_line' id='line_1_17' title="bbox 131 1357 745 1427; baseline -0.002 -18"><span class='ocrx_word' id='word_1_101' title='bbox 131 1357 271 1409; x_wconf 87' lang='lat' dir='ltr'>Fumantis</span> <span class='ocrx_word' id='word_1_102' title='bbox 283 1359 377 1411; x_wconf 87' lang='lat' dir='ltr'>sudore</span> <span class='ocrx_word' id='word_1_103' title='bbox 390 1359 481 1427; x_wconf 87' lang='lat' dir='ltr'>quatit,</span> <span class='ocrx_word' id='word_1_104' title='bbox 495 1358 646 1411; x_wconf 86' lang='lat' dir='ltr'>miserabile</span> <span class='ocrx_word' id='word_1_105' title='bbox 659 1358 745 1410; x_wconf 87' lang='lat' dir='ltr'>caesis</span> 
     </span>
    </p>

    <p class='ocr_par' dir='ltr' id='par_1_15' title="bbox 131 1426 834 1497">
     <span class='ocr_line' id='line_1_18' title="bbox 131 1426 834 1497; baseline 0 -20"><span class='ocrx_word' id='word_1_106' title='bbox 131 1426 258 1479; x_wconf 85' lang='lat' dir='ltr'>Hostibus</span> <span class='ocrx_word' id='word_1_107' title='bbox 271 1427 418 1495; x_wconf 74' lang='lat' dir='ltr'>insultans,</span> <span class='ocrx_word' id='word_1_108' title='bbox 436 1428 534 1497; x_wconf 82' lang='lat' dir='ltr'>spargit</span> <span class='ocrx_word' id='word_1_109' title='bbox 547 1427 638 1494; x_wconf 86' lang='lat' dir='ltr'>rapida</span> <span class='ocrx_word' id='word_1_110' title='bbox 650 1427 750 1495; x_wconf 78' lang='lat' dir='ltr'>ungula</span> <span class='ocrx_word' id='word_1_111' title='bbox 761 1443 834 1478; x_wconf 88' lang='lat' dir='ltr'>rores</span> 
     </span>
    </p>

    <p class='ocr_par' dir='ltr' id='par_1_16' title="bbox 131 1495 975 1565">
     <span class='ocr_line' id='line_1_19' title="bbox 131 1495 975 1565; baseline 0.001 -18"><span class='ocrx_word' id='word_1_112' title='bbox 131 1495 301 1564; x_wconf 79' lang='lat' dir='ltr'>Sanguineos,</span> <span class='ocrx_word' id='word_1_113' title='bbox 316 1498 453 1565; x_wconf 81' lang='lat' dir='ltr'>mixtaque</span> <span class='ocrx_word' id='word_1_114' title='bbox 466 1514 542 1549; x_wconf 88' lang='lat' dir='ltr'>cruor</span> <span class='ocrx_word' id='word_1_115' title='bbox 553 1496 671 1548; x_wconf 88' lang='lat' dir='ltr'>calcatur</span> <span class='ocrx_word' id='word_1_116' title='bbox 683 1512 772 1549; x_wconf 88' lang='lat' dir='ltr'>arena.</span> <span class='ocrx_word' id='word_1_117' title='bbox 926 1499 975 1548; x_wconf 85' lang='grc'>340</span> 
     </span>
    </p>

    <p class='ocr_par' dir='ltr' id='par_1_17' title="bbox 130 1562 975 1702">
     <span class='ocr_line' id='line_1_20' title="bbox 130 1562 975 1635; baseline -0.001 -18"><span class='ocrx_word' id='word_1_118' title='bbox 130 1565 244 1634; x_wconf 86' lang='lat' dir='ltr'>Jamque</span> <span class='ocrx_word' id='word_1_119' title='bbox 268 1566 329 1618; x_wconf 92' lang='lat' dir='ltr'>neci</span> <span class='ocrx_word' id='word_1_120' title='bbox 348 1566 557 1635; x_wconf 87' lang='lat' dir='ltr'>Sthenelumque</span> <span class='ocrx_word' id='word_1_121' title='bbox 581 1565 655 1617; x_wconf 86' lang='lat' dir='ltr'>dedit</span> <span class='ocrx_word' id='word_1_122' title='bbox 675 1562 888 1635; x_wconf 88' lang='lat' dir='ltr'>Thamyrlmque</span> <span class='ocrx_word' id='word_1_123' title='bbox 909 1565 975 1618; x_wconf 92' lang='lat' dir='ltr'>Pho·</span> 
     </span>
     <span class='ocr_line' id='line_1_21' title="bbox 200 1635 317 1702; baseline 0.009 -17"><span class='ocrx_word' id='word_1_124' title='bbox 200 1635 317 1702; x_wconf 86' lang='lat' dir='ltr'>lumque,</span> 
     </span>
    </p>

    <p class='ocr_par' dir='ltr' id='par_1_18' title="bbox 128 1701 945 1772">
     <span class='ocr_line' id='line_1_22' title="bbox 128 1701 945 1772; baseline 0.002 -19"><span class='ocrx_word' id='word_1_125' title='bbox 128 1701 205 1753; x_wconf 90' lang='lat' dir='ltr'>Hunc</span> <span class='ocrx_word' id='word_1_126' title='bbox 217 1720 375 1769; x_wconf 80' lang='lat' dir='ltr'>congressus</span> <span class='ocrx_word' id='word_1_127' title='bbox 388 1712 414 1754; x_wconf 93' lang='lat' dir='ltr'>et</span> <span class='ocrx_word' id='word_1_128' title='bbox 426 1702 505 1772; x_wconf 90' lang='lat' dir='ltr'>hunc,</span> <span class='ocrx_word' id='word_1_129' title='bbox 519 1703 595 1755; x_wconf 91' lang='lat' dir='ltr'>illum</span> <span class='ocrx_word' id='word_1_130' title='bbox 608 1703 713 1755; x_wconf 90' lang='lat' dir='ltr'>eminus</span> <span class='ocrx_word' id='word_1_131' title='bbox 720 1719 728 1769; x_wconf 77' lang='lat'>5</span> <span class='ocrx_word' id='word_1_132' title='bbox 747 1703 853 1757; x_wconf 91' lang='lat' dir='ltr'>eminus</span> <span class='ocrx_word' id='word_1_133' title='bbox 864 1702 945 1756; x_wconf 84' lang='lat' dir='ltr'>ambo</span> 
     </span>
    </p>

    <p class='ocr_par' dir='ltr' id='par_1_19' title="bbox 130 1771 948 1843">
     <span class='ocr_line' id='line_1_23' title="bbox 130 1771 948 1843; baseline 0.004 -21"><span class='ocrx_word' id='word_1_134' title='bbox 130 1771 299 1840; x_wconf 84' lang='lat' dir='ltr'>Imbrasidas,</span> <span class='ocrx_word' id='word_1_135' title='bbox 313 1773 444 1824; x_wconf 89' lang='lat' dir='ltr'>Glaucum</span> <span class='ocrx_word' id='word_1_136' title='bbox 457 1781 537 1841; x_wconf 89' lang='lat' dir='ltr'>atque</span> <span class='ocrx_word' id='word_1_137' title='bbox 550 1772 648 1841; x_wconf 87' lang='lat' dir='ltr'>Laden,</span> <span class='ocrx_word' id='word_1_138' title='bbox 662 1788 729 1841; x_wconf 89' lang='lat' dir='ltr'>quos</span> <span class='ocrx_word' id='word_1_139' title='bbox 741 1772 878 1825; x_wconf 83' lang='lat' dir='ltr'>Imbrasus</span> <span class='ocrx_word' id='word_1_140' title='bbox 890 1772 948 1843; x_wconf 88' lang='lat' dir='ltr'>ipse</span> 
     </span>
    </p>

    <p class='ocr_par' dir='ltr' id='par_1_20' title="bbox 129 1841 794 1911">
     <span class='ocr_line' id='line_1_24' title="bbox 129 1841 794 1911; baseline -0.002 -19"><span class='ocrx_word' id='word_1_141' title='bbox 129 1841 263 1892; x_wconf 86' lang='lat' dir='ltr'>Nutriorat</span> <span class='ocrx_word' id='word_1_142' title='bbox 277 1842 366 1911; x_wconf 77' lang='lat' dir='ltr'>Lycia,</span> <span class='ocrx_word' id='word_1_143' title='bbox 380 1842 540 1911; x_wconf 88' lang='lat' dir='ltr'>paribusque</span> <span class='ocrx_word' id='word_1_144' title='bbox 553 1850 690 1894; x_wconf 89' lang='lat' dir='ltr'>ornaverat</span> <span class='ocrx_word' id='word_1_145' title='bbox 703 1842 794 1910; x_wconf 86' lang='lat' dir='ltr'>armis,</span> 
     </span>
    </p>

    <p class='ocr_par' dir='ltr' id='par_1_21' title="bbox 129 1910 974 1980">
     <span class='ocr_line' id='line_1_25' title="bbox 129 1910 974 1980; baseline 0.002 -19"><span class='ocrx_word' id='word_1_146' title='bbox 129 1910 179 1961; x_wconf 90' lang='lat' dir='ltr'>Vel</span> <span class='ocrx_word' id='word_1_147' title='bbox 192 1910 311 1962; x_wconf 86' lang='lat' dir='ltr'>conferre</span> <span class='ocrx_word' id='word_1_148' title='bbox 324 1928 441 1979; x_wconf 90' lang='lat' dir='ltr'>manum,</span> <span class='ocrx_word' id='word_1_149' title='bbox 456 1912 499 1963; x_wconf 91' lang='lat' dir='ltr'>vel</span> <span class='ocrx_word' id='word_1_150' title='bbox 511 1928 580 1980; x_wconf 88' lang='lat' dir='ltr'>equo</span> <span class='ocrx_word' id='word_1_151' title='bbox 592 1918 760 1979; x_wconf 83' lang='lat' dir='ltr'>praevertere</span> <span class='ocrx_word' id='word_1_152' title='bbox 774 1918 878 1965; x_wconf 87' lang='lat' dir='ltr'>ventos.</span> <span class='ocrx_word' id='word_1_153' title='bbox 925 1914 974 1963; x_wconf 84' lang='grc'>345</span> 
     </span>
    </p>

    <p class='ocr_par' dir='ltr' id='par_1_22' title="bbox 130 1980 773 2049">
     <span class='ocr_line' id='line_1_26' title="bbox 130 1980 773 2049; baseline 0 -18"><span class='ocrx_word' id='word_1_154' title='bbox 130 1980 206 2031; x_wconf 87' lang='lat' dir='ltr'>Parte</span> <span class='ocrx_word' id='word_1_155' title='bbox 219 1980 271 2031; x_wconf 87' lang='lat' dir='ltr'>alia</span> <span class='ocrx_word' id='word_1_156' title='bbox 283 1980 372 2032; x_wconf 88' lang='lat' dir='ltr'>media</span> <span class='ocrx_word' id='word_1_157' title='bbox 385 1981 522 2033; x_wconf 88' lang='lat' dir='ltr'>Eumedes</span> <span class='ocrx_word' id='word_1_158' title='bbox 534 1981 561 2033; x_wconf 93' lang='lat' dir='ltr'>in</span> <span class='ocrx_word' id='word_1_159' title='bbox 573 1980 671 2048; x_wconf 86' lang='lat' dir='ltr'>proelia</span> <span class='ocrx_word' id='word_1_160' title='bbox 683 1980 773 2049; x_wconf 78' lang='lat' dir='ltr'>fertur,</span> 
     </span>
    </p>

    <p class='ocr_par' dir='ltr' id='par_1_23' title="bbox 129 2048 697 2119">
     <span class='ocr_line' id='line_1_27' title="bbox 129 2048 697 2119; baseline 0.002 -19"><span class='ocrx_word' id='word_1_161' title='bbox 129 2049 239 2116; x_wconf 87' lang='lat' dir='ltr'>Antiqui</span> <span class='ocrx_word' id='word_1_162' title='bbox 252 2049 339 2117; x_wconf 87' lang='lat' dir='ltr'>proles</span> <span class='ocrx_word' id='word_1_163' title='bbox 350 2048 420 2101; x_wconf 91' lang='lat' dir='ltr'>bello</span> <span class='ocrx_word' id='word_1_164' title='bbox 433 2050 570 2118; x_wconf 86' lang='lat' dir='ltr'>praeclara</span> <span class='ocrx_word' id='word_1_165' title='bbox 583 2049 697 2119; x_wconf 86' lang='lat' dir='ltr'>Dolonis,</span> 
     </span>
    </p>

    <p class='ocr_par' dir='ltr' id='par_1_24' title="bbox 38 2118 975 2464">
     <span class='ocr_line' id='line_1_28' title="bbox 38 2118 928 2188; baseline 0.002 -19"><span class='ocrx_word' id='word_1_166' title='bbox 38 2154 41 2159; x_wconf 90' lang='lat'>-</span> <span class='ocrx_word' id='word_1_167' title='bbox 129 2118 154 2169; x_wconf 90' lang='lat' dir='ltr'>N</span> <span class='ocrx_word' id='word_1_168' title='bbox 156 2119 244 2169; x_wconf 91' lang='lat' dir='ltr'>omine</span> <span class='ocrx_word' id='word_1_169' title='bbox 257 2135 339 2169; x_wconf 87' lang='lat' dir='ltr'>avum</span> <span class='ocrx_word' id='word_1_170' title='bbox 352 2118 476 2186; x_wconf 86' lang='lat' dir='ltr'>referens,</span> <span class='ocrx_word' id='word_1_171' title='bbox 489 2119 577 2171; x_wconf 89' lang='lat' dir='ltr'>animo</span> <span class='ocrx_word' id='word_1_172' title='bbox 589 2118 767 2187; x_wconf 88' lang='lat' dir='ltr'>manibusque</span> <span class='ocrx_word' id='word_1_173' title='bbox 779 2124 928 2188; x_wconf 86' lang='lat' dir='ltr'>parentem,</span> 
     </span>
     <span class='ocr_line' id='line_1_29' title="bbox 129 2186 875 2257; baseline 0.003 -20"><span class='ocrx_word' id='word_1_174' title='bbox 129 2186 179 2243; x_wconf 78' lang='lat' dir='ltr'>Qui</span> <span class='ocrx_word' id='word_1_175' title='bbox 191 2186 332 2255; x_wconf 89' lang='lat' dir='ltr'>quondam,</span> <span class='ocrx_word' id='word_1_176' title='bbox 346 2196 433 2239; x_wconf 87' lang='lat' dir='ltr'>castra</span> <span class='ocrx_word' id='word_1_177' title='bbox 445 2197 473 2240; x_wconf 89' lang='lat' dir='ltr'>ut</span> <span class='ocrx_word' id='word_1_178' title='bbox 485 2188 608 2240; x_wconf 88' lang='lat' dir='ltr'>Danaum</span> <span class='ocrx_word' id='word_1_179' title='bbox 621 2187 770 2256; x_wconf 86' lang='lat' dir='ltr'>speculator</span> <span class='ocrx_word' id='word_1_180' title='bbox 781 2186 875 2257; x_wconf 82' lang='lat' dir='ltr'>adiret,</span> 
     </span>
     <span class='ocr_line' id='line_1_30' title="bbox 129 2255 975 2325; baseline 0 -19"><span class='ocrx_word' id='word_1_181' title='bbox 129 2258 218 2307; x_wconf 88' lang='lat' dir='ltr'>Ausus</span> <span class='ocrx_word' id='word_1_182' title='bbox 230 2255 337 2307; x_wconf 89' lang='lat' dir='ltr'>Pelidae</span> <span class='ocrx_word' id='word_1_183' title='bbox 349 2260 463 2324; x_wconf 87' lang='lat' dir='ltr'>pretium</span> <span class='ocrx_word' id='word_1_184' title='bbox 476 2256 527 2309; x_wconf 86' lang='lat' dir='ltr'>sibi</span> <span class='ocrx_word' id='word_1_185' title='bbox 539 2273 648 2325; x_wconf 83' lang='lat' dir='ltr'>posuere</span> <span class='ocrx_word' id='word_1_186' title='bbox 661 2273 753 2309; x_wconf 85' lang='lat' dir='ltr'>currus</span> <span class='ocrx_word' id='word_1_187' title='bbox 760 2272 768 2325; x_wconf 78' lang='lat'>3</span> <span class='ocrx_word' id='word_1_188' title='bbox 925 2260 975 2307; x_wconf 70' lang='lat'>350</span> 
     </span>
     <span class='ocr_line' id='line_1_31' title="bbox 129 2324 656 2394; baseline 0.002 -18"><span class='ocrx_word' id='word_1_189' title='bbox 129 2324 207 2376; x_wconf 92' lang='lat' dir='ltr'>Illum</span> <span class='ocrx_word' id='word_1_190' title='bbox 220 2324 340 2393; x_wconf 81' lang='lat' dir='ltr'>Tydides</span> <span class='ocrx_word' id='word_1_191' title='bbox 351 2325 403 2377; x_wconf 92' lang='lat' dir='ltr'>alio</span> <span class='ocrx_word' id='word_1_192' title='bbox 415 2342 461 2394; x_wconf 88' lang='lat' dir='ltr'>pro</span> <span class='ocrx_word' id='word_1_193' title='bbox 474 2325 572 2378; x_wconf 88' lang='lat' dir='ltr'>talibus</span> <span class='ocrx_word' id='word_1_194' title='bbox 583 2325 656 2378; x_wconf 90' lang='lat' dir='ltr'>ausis</span> 
     </span>
     <span class='ocr_line' id='line_1_32' title="bbox 128 2393 747 2464; baseline 0.003 -20"><span class='ocrx_word' id='word_1_195' title='bbox 128 2393 228 2445; x_wconf 83' lang='lat' dir='ltr'>Affecit</span> <span class='ocrx_word' id='word_1_196' title='bbox 241 2395 331 2462; x_wconf 89' lang='lat' dir='ltr'>pretio,</span> <span class='ocrx_word' id='word_1_197' title='bbox 345 2412 396 2447; x_wconf 89' lang='lat' dir='ltr'>nec</span> <span class='ocrx_word' id='word_1_198' title='bbox 408 2396 483 2463; x_wconf 88' lang='lat' dir='ltr'>equis</span> <span class='ocrx_word' id='word_1_199' title='bbox 495 2395 613 2464; x_wconf 86' lang='lat' dir='ltr'>adspirat</span> <span class='ocrx_word' id='word_1_200' title='bbox 624 2393 747 2448; x_wconf 89' lang='lat' dir='ltr'>Achillis.</span> 
     </span>
    </p>

    <p class='ocr_par' dir='ltr' id='par_1_25' title="bbox 129 2462 830 2535">
     <span class='ocr_line' id='line_1_33' title="bbox 129 2462 830 2535; baseline 0.004 -23"><span class='ocrx_word' id='word_1_201' title='bbox 129 2462 206 2513; x_wconf 87' lang='lat' dir='ltr'>Hunc</span> <span class='ocrx_word' id='word_1_202' title='bbox 218 2462 308 2528; x_wconf 90' lang='lat' dir='ltr'>procul</span> <span class='ocrx_word' id='word_1_203' title='bbox 321 2472 349 2514; x_wconf 91' lang='lat' dir='ltr'>ut</span> <span class='ocrx_word' id='word_1_204' title='bbox 361 2480 456 2532; x_wconf 85' lang='lat' dir='ltr'>campo</span> <span class='ocrx_word' id='word_1_205' title='bbox 468 2465 574 2516; x_wconf 90' lang='lat' dir='ltr'>Tumns</span> <span class='ocrx_word' id='word_1_206' title='bbox 585 2463 719 2533; x_wconf 84' lang='lat' dir='ltr'>prospexit</span> <span class='ocrx_word' id='word_1_207' title='bbox 730 2469 830 2535; x_wconf 88' lang='lat' dir='ltr'>aperto,</span> 
     </span>
    </p>

    <p class='ocr_par' dir='ltr' id='par_1_26' title="bbox 127 2530 759 2603">
     <span class='ocr_line' id='line_1_34' title="bbox 127 2530 759 2603; baseline 0.006 -22"><span class='ocrx_word' id='word_1_208' title='bbox 127 2533 198 2582; x_wconf 89' lang='lat' dir='ltr'>Ante</span> <span class='ocrx_word' id='word_1_209' title='bbox 211 2530 262 2581; x_wconf 87' lang='lat' dir='ltr'>levi</span> <span class='ocrx_word' id='word_1_210' title='bbox 274 2530 361 2599; x_wconf 88' lang='lat' dir='ltr'>jaculo</span> <span class='ocrx_word' id='word_1_211' title='bbox 374 2532 480 2599; x_wconf 85' lang='lat' dir='ltr'>longum</span> <span class='ocrx_word' id='word_1_212' title='bbox 493 2533 631 2602; x_wconf 87' lang='lat' dir='ltr'>perinane</span> <span class='ocrx_word' id='word_1_213' title='bbox 643 2542 759 2603; x_wconf 88' lang='lat' dir='ltr'>secutus,</span> 
     </span>
    </p>

    <p class='ocr_par' dir='ltr' id='par_1_27' title="bbox 128 2599 974 2739">
     <span class='ocr_line' id='line_1_35' title="bbox 128 2599 974 2672; baseline 0.006 -22"><span class='ocrx_word' id='word_1_214' title='bbox 128 2599 200 2651; x_wconf 84' lang='lat' dir='ltr'>Sistit</span> <span class='ocrx_word' id='word_1_215' title='bbox 212 2616 294 2667; x_wconf 87' lang='lat' dir='ltr'>equos</span> <span class='ocrx_word' id='word_1_216' title='bbox 305 2599 403 2669; x_wconf 84' lang='lat' dir='ltr'>bijugis</span> <span class='ocrx_word' id='word_1_217' title='bbox 415 2610 441 2652; x_wconf 91' lang='lat' dir='ltr'>et</span> <span class='ocrx_word' id='word_1_218' title='bbox 454 2618 531 2653; x_wconf 88' lang='lat' dir='ltr'>curru</span> <span class='ocrx_word' id='word_1_219' title='bbox 543 2600 639 2669; x_wconf 88' lang='lat' dir='ltr'>desilit,</span> <span class='ocrx_word' id='word_1_220' title='bbox 652 2609 733 2672; x_wconf 90' lang='lat' dir='ltr'>atque</span> <span class='ocrx_word' id='word_1_221' title='bbox 923 2604 974 2655; x_wconf 71' lang='grc'>355</span> 
     </span>
     <span class='ocr_line' id='line_1_36' title="bbox 128 2669 807 2739; baseline 0.004 -19"><span class='ocrx_word' id='word_1_222' title='bbox 128 2669 281 2721; x_wconf 85' lang='lat' dir='ltr'>Semianimi</span> <span class='ocrx_word' id='word_1_223' title='bbox 295 2670 421 2739; x_wconf 88' lang='lat' dir='ltr'>lapsoque</span> <span class='ocrx_word' id='word_1_224' title='bbox 433 2670 594 2739; x_wconf 86' lang='lat' dir='ltr'>supervenit,</span> <span class='ocrx_word' id='word_1_225' title='bbox 608 2680 643 2739; x_wconf 90' lang='lat' dir='ltr'>et,</span> <span class='ocrx_word' id='word_1_226' title='bbox 656 2672 726 2739; x_wconf 83' lang='lat' dir='ltr'>pede</span> <span class='ocrx_word' id='word_1_227' title='bbox 738 2670 807 2723; x_wconf 80' lang='lat' dir='ltr'>eollo</span> 
     </span>
    </p>

    <p class='ocr_par' dir='ltr' id='par_1_28' title="bbox 127 2738 810 2809">
     <span class='ocr_line' id='line_1_37' title="bbox 127 2738 810 2809; baseline 0.007 -21"><span class='ocrx_word' id='word_1_228' title='bbox 127 2738 167 2789; x_wconf 93' lang='lat' dir='ltr'>Im</span> <span class='ocrx_word' id='word_1_229' title='bbox 188 2756 265 2807; x_wconf 85' lang='lat' dir='ltr'>ressa,</span> <span class='ocrx_word' id='word_1_230' title='bbox 279 2739 388 2791; x_wconf 76' lang='lat' dir='ltr'>dextrae</span> <span class='ocrx_word' id='word_1_231' title='bbox 401 2756 555 2792; x_wconf 85' lang='lat' dir='ltr'>mucronem</span> <span class='ocrx_word' id='word_1_232' title='bbox 568 2747 706 2809; x_wconf 80' lang='lat' dir='ltr'>extorquet</span> <span class='ocrx_word' id='word_1_233' title='bbox 718 2748 745 2793; x_wconf 88' lang='lat' dir='ltr'>et</span> <span class='ocrx_word' id='word_1_234' title='bbox 756 2739 810 2793; x_wconf 82' lang='lat' dir='ltr'>alto</span> 
     </span>
    </p>

    <p class='ocr_par' dir='ltr' id='par_1_29' title="bbox 127 2755 897 2888">
     <span class='ocr_line' id='line_1_38' title="bbox 127 2755 897 2888; baseline 0.008 -31"><span class='ocrx_word' id='word_1_235' title='bbox 127 2755 287 2874; x_wconf 56' lang='lat' dir='ltr'>Fullgentem</span> <span class='ocrx_word' id='word_1_236' title='bbox 300 2809 394 2876; x_wconf 85' lang='lat' dir='ltr'>tinguit</span> <span class='ocrx_word' id='word_1_237' title='bbox 405 2808 504 2877; x_wconf 82' lang='lat' dir='ltr'>jugulo,</span> <span class='ocrx_word' id='word_1_238' title='bbox 517 2818 544 2861; x_wconf 92' lang='lat' dir='ltr'>at</span> <span class='ocrx_word' id='word_1_239' title='bbox 563 2825 597 2860; x_wconf 88' lang='lat' dir='ltr'>ue</span> <span class='ocrx_word' id='word_1_240' title='bbox 610 2808 678 2861; x_wconf 88' lang='lat' dir='ltr'>haee</span> <span class='ocrx_word' id='word_1_241' title='bbox 688 2808 797 2888; x_wconf 86' lang='lat' dir='ltr'>insuper</span> <span class='ocrx_word' id='word_1_242' title='bbox 807 2808 897 2863; x_wconf 86' lang='lat' dir='ltr'>addit:</span> 
     </span>
    </p>

    <p class='ocr_par' dir='ltr' id='par_1_30' title="bbox 128 2876 767 2947">
     <span class='ocr_line' id='line_1_39' title="bbox 128 2876 767 2947; baseline 0.005 -21"><span class='ocrx_word' id='word_1_243' title='bbox 128 2876 192 2943; x_wconf 73' lang='grc' dir='ltr'>ιΕιι,</span> <span class='ocrx_word' id='word_1_244' title='bbox 205 2893 289 2945; x_wconf 77' lang='lat' dir='ltr'>agros,</span> <span class='ocrx_word' id='word_1_245' title='bbox 304 2886 338 2945; x_wconf 87' lang='lat' dir='ltr'>et,</span> <span class='ocrx_word' id='word_1_246' title='bbox 351 2895 433 2946; x_wconf 89' lang='lat' dir='ltr'>quam</span> <span class='ocrx_word' id='word_1_247' title='bbox 446 2878 523 2947; x_wconf 91' lang='lat' dir='ltr'>bello,</span> <span class='ocrx_word' id='word_1_248' title='bbox 561 2877 658 2946; x_wconf 83' lang='lat' dir='ltr'>rojane,</span> <span class='ocrx_word' id='word_1_249' title='bbox 671 2878 767 2947; x_wconf 85' lang='lat' dir='ltr'>petisti,</span> 
     </span>
    </p>

    <p class='ocr_par' dir='ltr' id='par_1_31' title="bbox 127 2944 974 3017">
     <span class='ocr_line' id='line_1_40' title="bbox 127 2944 974 3017; baseline 0.005 -23"><span class='ocrx_word' id='word_1_250' title='bbox 127 2944 283 3013; x_wconf 86' lang='lat' dir='ltr'>Hesperiam</span> <span class='ocrx_word' id='word_1_251' title='bbox 297 2948 392 2999; x_wconf 83' lang='lat' dir='ltr'>metire</span> <span class='ocrx_word' id='word_1_252' title='bbox 403 2946 509 3015; x_wconf 86' lang='lat' dir='ltr'>jacens:</span> <span class='ocrx_word' id='word_1_253' title='bbox 528 2945 597 2999; x_wconf 84' lang='lat' dir='ltr'>haee</span> <span class='ocrx_word' id='word_1_254' title='bbox 609 2946 735 3016; x_wconf 86' lang='lat' dir='ltr'>praemia,</span> <span class='ocrx_word' id='word_1_255' title='bbox 749 2946 795 3017; x_wconf 89' lang='lat' dir='ltr'>qui</span> <span class='ocrx_word' id='word_1_256' title='bbox 806 2962 853 2999; x_wconf 89' lang='lat' dir='ltr'>me</span> <span class='ocrx_word' id='word_1_257' title='bbox 923 2950 974 2999; x_wconf 85' lang='grc'>360</span> 
     </span>
    </p>
   </div>
   <div class='ocr_carea' id='block_1_3' title="bbox 56 3070 972 3371">
    <p class='ocr_par' dir='ltr' id='par_1_32' title="bbox 56 3070 972 3371">
     <span class='ocr_line' id='line_1_41' title="bbox 86 3070 972 3135; baseline 0.009 -19"><span class='ocrx_word' id='word_1_258' title='bbox 86 3073 126 3117; x_wconf 87' lang='grc'>331</span> <span class='ocrx_word' id='word_1_259' title='bbox 154 3070 236 3117; x_wconf 80' lang='lat' dir='ltr'>Hebri.</span> <span class='ocrx_word' id='word_1_260' title='bbox 252 3071 300 3118; x_wconf 78' lang='lat' dir='ltr'>Ecl.</span> <span class='ocrx_word' id='word_1_261' title='bbox 313 3088 337 3119; x_wconf 72' lang='lat' dir='ltr'>x,</span> <span class='ocrx_word' id='word_1_262' title='bbox 350 3075 482 3120; x_wconf 77' lang='lat' dir='ltr'>or.-335.</span> <span class='ocrx_word' id='word_1_263' title='bbox 503 3072 601 3126; x_wconf 80' lang='lat' dir='ltr'>Thraca.</span> <span class='ocrx_word' id='word_1_264' title='bbox 614 3072 780 3131; x_wconf 85' lang='lat' dir='ltr'>sorThrocie;</span> <span class='ocrx_word' id='word_1_265' title='bbox 796 3078 972 3135; x_wconf 64' lang='lat' dir='ltr'>epam-338.</span> 
     </span>
     <span class='ocr_line' id='line_1_42' title="bbox 57 3127 972 3191; baseline 0.009 -16"><span class='ocrx_word' id='word_1_266' title='bbox 57 3127 204 3176; x_wconf 76' lang='lat' dir='ltr'>Mr‘sembile.</span> <span class='ocrx_word' id='word_1_267' title='bbox 236 3129 287 3177; x_wconf 77' lang='lat' dir='ltr'>Ea.</span> <span class='ocrx_word' id='word_1_268' title='bbox 305 3130 336 3177; x_wconf 90' lang='lat' dir='ltr'>iii.</span> <span class='ocrx_word' id='word_1_269' title='bbox 354 3135 472 3179; x_wconf 80' lang='grc'><strong>8.-342,</strong></span> <span class='ocrx_word' id='word_1_270' title='bbox 489 3131 569 3188; x_wconf 85' lang='lat' dir='ltr'>Illam,</span> <span class='ocrx_word' id='word_1_271' title='bbox 588 3132 824 3181; x_wconf 70' lang='lat' dir='ltr'>Sthenelus—344.</span> <span class='ocrx_word' id='word_1_272' title='bbox 897 3134 972 3191; x_wconf 79' lang='lat' dir='ltr'>⁸,iv.</span> 
     </span>
     <span class='ocr_line' id='line_1_43' title="bbox 58 3187 971 3243; baseline 0.009 -10"><span class='ocrx_word' id='word_1_273' title='bbox 58 3190 99 3234; x_wconf 83' lang='grc'>143</span> <span class='ocrx_word' id='word_1_274' title='bbox 114 3191 205 3243; x_wconf 85' lang='grc'><strong>-346,</strong></span> <span class='ocrx_word' id='word_1_275' title='bbox 220 3187 268 3235; x_wconf 77' lang='lat' dir='ltr'>dae.</span> <span class='ocrx_word' id='word_1_276' title='bbox 300 3188 355 3235; x_wconf 81' lang='lat' dir='ltr'>The</span> <span class='ocrx_word' id='word_1_277' title='bbox 372 3190 477 3237; x_wconf 81' lang='lat' dir='ltr'>allusion</span> <span class='ocrx_word' id='word_1_278' title='bbox 491 3191 511 3238; x_wconf 90' lang='lat' dir='ltr'>is</span> <span class='ocrx_word' id='word_1_279' title='bbox 528 3191 585 3239; x_wconf 86' lang='lat' dir='ltr'>here</span> <span class='ocrx_word' id='word_1_280' title='bbox 602 3201 627 3239; x_wconf 88' lang='lat' dir='ltr'>to</span> <span class='ocrx_word' id='word_1_281' title='bbox 643 3191 685 3239; x_wconf 88' lang='lat' dir='ltr'>the</span> <span class='ocrx_word' id='word_1_282' title='bbox 700 3191 821 3240; x_wconf 82' lang='lat' dir='ltr'>narrative</span> <span class='ocrx_word' id='word_1_283' title='bbox 836 3208 852 3241; x_wconf 86' lang='lat'><strong>0</strong></span> <span class='ocrx_word' id='word_1_284' title='bbox 879 3192 971 3241; x_wconf 83' lang='lat' dir='ltr'>Homer</span> 
     </span>
     <span class='ocr_line' id='line_1_44' title="bbox 57 3244 971 3308; baseline 0.013 -17"><span class='ocrx_word' id='word_1_285' title='bbox 57 3244 95 3301; x_wconf 75' lang='lat' dir='ltr'>(Il.</span> <span class='ocrx_word' id='word_1_286' title='bbox 108 3262 132 3294; x_wconf 81' lang='lat' dir='ltr'>x.</span> <span class='ocrx_word' id='word_1_287' title='bbox 142 3249 194 3303; x_wconf 83' lang='grc'>314,</span> <span class='ocrx_word' id='word_1_288' title='bbox 206 3246 264 3300; x_wconf 78' lang='lat' dir='ltr'>dae.)</span> <span class='ocrx_word' id='word_1_289' title='bbox 276 3248 403 3308; x_wconf 70' lang='lat' dir='ltr'>regardim,r</span> <span class='ocrx_word' id='word_1_290' title='bbox 414 3249 500 3305; x_wconf 84' lang='lat' dir='ltr'>Dolon,</span> <span class='ocrx_word' id='word_1_291' title='bbox 513 3250 556 3297; x_wconf 86' lang='lat' dir='ltr'>the</span> <span class='ocrx_word' id='word_1_292' title='bbox 567 3265 611 3297; x_wconf 87' lang='lat' dir='ltr'>son</span> <span class='ocrx_word' id='word_1_293' title='bbox 621 3249 650 3297; x_wconf 84' lang='lat' dir='ltr'>os</span> <span class='ocrx_word' id='word_1_294' title='bbox 660 3251 793 3307; x_wconf 81' lang='lat' dir='ltr'>Eumedes,</span> <span class='ocrx_word' id='word_1_295' title='bbox 805 3250 888 3301; x_wconf 80' lang='lat' dir='ltr'>seized</span> <span class='ocrx_word' id='word_1_296' title='bbox 898 3252 924 3301; x_wconf 88' lang='lat' dir='ltr'>irr</span> <span class='ocrx_word' id='word_1_297' title='bbox 933 3251 971 3303; x_wconf 81' lang='lat' dir='ltr'>hir</span> 
     </span>
     <span class='ocr_line' id='line_1_45' title="bbox 56 3306 962 3371; baseline 0.009 -20"><span class='ocrx_word' id='word_1_298' title='bbox 56 3314 157 3364; x_wconf 81' lang='lat' dir='ltr'>attempt</span> <span class='ocrx_word' id='word_1_299' title='bbox 173 3316 198 3353; x_wconf 84' lang='lat' dir='ltr'>to</span> <span class='ocrx_word' id='word_1_300' title='bbox 214 3322 225 3353; x_wconf 89' lang='lat' dir='ltr'>s</span> <span class='ocrx_word' id='word_1_301' title='bbox 243 3306 311 3364; x_wconf 88' lang='lat' dir='ltr'>ythe</span> <span class='ocrx_word' id='word_1_302' title='bbox 324 3306 428 3354; x_wconf 89' lang='lat' dir='ltr'>Grecian</span> <span class='ocrx_word' id='word_1_303' title='bbox 443 3323 521 3366; x_wconf 83' lang='lat' dir='ltr'>camp,</span> <span class='ocrx_word' id='word_1_304' title='bbox 535 3308 581 3356; x_wconf 85' lang='lat' dir='ltr'>und</span> <span class='ocrx_word' id='word_1_305' title='bbox 597 3309 659 3356; x_wconf 88' lang='lat' dir='ltr'>sloin</span> <span class='ocrx_word' id='word_1_306' title='bbox 674 3311 708 3369; x_wconf 86' lang='lat' dir='ltr'>by</span> <span class='ocrx_word' id='word_1_307' title='bbox 718 3308 846 3367; x_wconf 85' lang='lat' dir='ltr'>Diomede,</span> <span class='ocrx_word' id='word_1_308' title='bbox 859 3310 962 3371; x_wconf 76' lang='lat' dir='ltr'>&#39;I&#39;ydeus</span> 
     </span>
    </p>
   </div>
   <div class='ocr_carea' id='block_1_4' title="bbox 61 3366 961 3484">
    <p class='ocr_par' dir='ltr' id='par_1_33' title="bbox 61 3366 961 3484">
     <span class='ocr_line' id='line_1_46' title="bbox 61 3366 961 3431; baseline 0.011 -21"><span class='ocrx_word' id='word_1_309' title='bbox 61 3368 203 3412; x_wconf 78' lang='lat' dir='ltr'>rou-350.</span> <span class='ocrx_word' id='word_1_310' title='bbox 245 3366 327 3422; x_wconf 74' lang='lat' dir='ltr'>olidae,</span> <span class='ocrx_word' id='word_1_311' title='bbox 342 3366 365 3413; x_wconf 88' lang='lat' dir='ltr'>ii.</span> <span class='ocrx_word' id='word_1_312' title='bbox 377 3370 526 3415; x_wconf 74' lang='lat' dir='ltr'>eoa—356.</span> <span class='ocrx_word' id='word_1_313' title='bbox 544 3367 687 3417; x_wconf 87' lang='lat' dir='ltr'>Pronouuce</span> <span class='ocrx_word' id='word_1_314' title='bbox 698 3368 911 3431; x_wconf 62' lang='lat' dir='ltr'>simperatum-four</span> <span class='ocrx_word' id='word_1_315' title='bbox 920 3368 961 3431; x_wconf 73' lang='lat' dir='ltr'>syl</span> 
     </span>
     <span class='ocr_line' id='line_1_47' title="bbox 61 3418 490 3484; baseline 0.014 -17"><span class='ocrx_word' id='word_1_316' title='bbox 61 3418 236 3471; x_wconf 67' lang='lat' dir='ltr'>lobea-360.</span> <span class='ocrx_word' id='word_1_317' title='bbox 250 3422 398 3484; x_wconf 77' lang='lat' dir='ltr'>Hesperiam,</span> <span class='ocrx_word' id='word_1_318' title='bbox 410 3425 425 3472; x_wconf 87' lang='lat' dir='ltr'>i.</span> <span class='ocrx_word' id='word_1_319' title='bbox 438 3428 490 3473; x_wconf 81' lang='lat'>530.</span> 
     </span>
    </p>
   </div>
   <div class='ocr_carea' id='block_1_5' title="bbox 0 0 1044 3622">
    <p class='ocr_par' dir='ltr' id='par_1_34' title="bbox 0 0 1044 3622">
     <span class='ocr_line' id='line_1_48' title="bbox 0 0 1044 3622; baseline 0 0"><span class='ocrx_word' id='word_1_320' title='bbox 0 0 1044 3622; x_wconf 95' lang='lat' dir='ltr'> </span> 
     </span>
    </p>
   </div>
  </div>
 </body>
</html>
