2078 3622
438 170 599 211 nuatione.

124 299 176 353 Per
186 297 294 351 deserta
304 297 368 367 jugo
379 314 509 367 superans
520 298 650 351 adventat
661 298 696 351 atl
709 298 817 353 urbem.

125 368 207 421 Furta
217 384 281 435 paro
294 368 357 421 belli
368 384 487 419 convexo
499 367 525 419 in
539 368 643 419 tramite
655 368 749 437 silvae,
924 372 976 422 616

124 438 160 491 Ut
173 438 259 491 bivias
270 447 372 490 armato
384 436 506 489 obsidam
518 437 605 489 milite
618 437 720 490 lauces.

124 509 166 560 Tu
178 506 346 577 Tyrrhenum
359 507 478 575 equitem
491 506 593 558 collatis
605 505 699 576 excipe
711 506 796 574 signis
803 522 812 575 3

124 578 227 629 Tecum
240 592 302 628 acer
313 576 458 644 Messapus
469 577 526 644 erit,
541 586 698 645 turmaeque
710 576 820 629 Latinae

124 646 282 713 Tiburtique
293 661 405 711 manus3
423 645 500 697 ducis
512 654 539 697 et
552 655 578 698 tu
592 647 702 714 concipe
714 615 829 698 curam.i

124 717 167 768 Sic
178 716 224 782 nit,
238 724 265 766 et
277 714 384 783 paribus
397 715 555 784 Messapum
567 716 593 767 in
606 715 708 783 proelia
719 714 798 767 dictis
923 718 976 767 52⁰

124 786 248 837 Hortatur
260 785 399 851 sociosrpue
411 784 503 851 duces,
516 793 544 836 et
557 786 642 853 pergit
655 785 681 836 in
694 785 809 838 hostem.

160 855 207 906 Est
220 870 301 905 curvo
312 854 434 905 anfractu
446 854 538 919 valles,
551 852 727 906 accommoda
738 852 826 906 fraudi

124 926 321 990 Armorumque
333 923 409 990 dolis,
422 940 504 991 quam
517 923 608 975 densis
619 922 758 975 frondibus
768 932 859 975 atrum

123 994 225 1061 Urguet
238 994 371 1059 utrimque
384 993 461 1059 latus,
476 993 562 1044 tenuis
574 1008 626 1061 quo
638 992 735 1045 semita
746 991 821 1045 ducit

123 1066 315 1130 Angustacqus
328 1061 414 1114 lerunt
428 1062 521 1114 fauces
531 1061 673 1130 aditusque
685 1060 804 1129 maligni.
922 1064 974 1114 626

124 1132 200 1183 Hanc
212 1147 290 1199 super
303 1130 329 1182 in
342 1132 458 1199 speculis
470 1147 628 1199 summoque
641 1131 667 1183 in
680 1132 781 1184 vertice
794 1130 894 1184 montis

124 1201 253 1254 Planities
265 1200 355 1268 ignota
365 1199 443 1267 jacet,
458 1200 561 1268 tutique
575 1216 705 1269 recessus,

124 1271 175 1323 Seu
188 1270 281 1322 dextra
293 1269 424 1338 laevaque
437 1269 506 1321 velis
517 1286 654 1322 occurrere
667 1285 781 1339 pugnae,

123 1340 184 1391 Sira
197 1340 293 1391 instare
304 1337 376 1407 jugis
387 1350 414 1391 et
425 1339 536 1407 grandia
548 1339 655 1391 volvere
667 1355 740 1392 saxa.

123 1410 183 1461 Huc
194 1408 301 1477 juvenis
312 1418 374 1461 uota
386 1408 468 1461 fertur
480 1410 587 1475 regione
600 1409 710 1477 riarum,
922 1411 974 1461 630

122 1479 294 1547 Arripuitque
306 1478 397 1531 locum
409 1487 435 1530 et
448 1478 522 1531 silvis
534 1477 631 1530 insedit
643 1477 747 1546 iniquis.

160 1548 286 1599 Velocem
298 1548 400 1599 interea
411 1546 516 1615 superis
528 1547 554 1599 in
567 1546 678 1599 sedibus
689 1547 776 1617 Opim,

123 1617 212 1669 Unam
224 1633 258 1668 ex
270 1616 416 1683 virginibus
428 1616 507 1669 sociis
519 1632 648 1684 sacraque
660 1624 776 1686 caterva,

123 1687 187 1738 Cum
225 1685 306 1738 llabat
319 1695 345 1737 et
358 1684 408 1737 has
419 1684 500 1737 tristis
511 1686 623 1737 Latonia
633 1701 715 1738 voces

123 1756 174 1807 Ore
186 1776 195 1806 r
205 1754 281 1806 abat:
303 1753 440 1806 ‘Graditur
452 1753 553 1806 bellum
565 1753 600 1807 ad
612 1753 721 1807 crudele
728 1752 852 1825 Camilla,
923 1758 974 1808 636

123 1825 145 1877 Ο
156 1823 237 1890 virgo,
251 1832 278 1875 et
290 1824 386 1877 nostris
397 1822 579 1893 nequidquam
592 1823 707 1892 cingitur
718 1824 807 1894 armis,

124 1894 191 1945 Cara
204 1893 270 1945 milri
282 1902 346 1945 ante
357 1893 433 1945 alias.
468 1894 566 1962 Neque
579 1894 652 1946 enim
664 1910 750 1947 novus
762 1893 813 1945 ists
824 1892 928 1947 Dianae

122 1963 202 2015 Venit
214 1980 297 2031 amor,
311 1962 452 2031 subitaque
464 1963 586 2015 animum
599 1962 741 2015 dulcedine
752 1961 846 2016 movit.

123 2031 220 2085 Pulsus
231 2032 265 2085 ob
277 2032 405 2084 invidiam
419 2049 498 2099 regno
512 2032 627 2101 virisque
639 2050 670 2085 su
708 2032 769 2084 rbas

123 2102 247 2154 Priverno
259 2102 368 2169 antiqua
380 2101 509 2155 Metabus
520 2118 583 2155 curn
596 2118 663 2155 exce
684 2109 740 2154 eret
752 2100 827 2171 urbe,
922 2106 975 2157 640

123 2171 259 2223 lnlantem
272 2170 379 2237 lugiens
390 2171 480 2223 marlia
493 2170 563 2223 inter
575 2171 676 2241 proelia
687 2170 753 2224 belli

124 2240 234 2292 Sustulit
247 2240 339 2292 exsilio
352 2241 488 2305 comitem,
502 2241 647 2310 matrisque
658 2240 764 2293 vocavit

123 2310 237 2361 Nomine
250 2308 402 2377 Casmillae,
415 2318 519 2361 mutata
530 2318 613 2378 parte,
627 2309 780 2363 Camillam.

124 2379 184 2446 lpse
197 2379 255 2431 sinu
269 2395 333 2446 prae
345 2395 374 2429 se
387 2386 494 2447 portans
503 2378 568 2447 juga
580 2378 658 2447 longa
669 2379 778 2448 petebat

123 2447 242 2500 Solorum
255 2464 410 2513 nemorum3
428 2447 483 2499 tela
494 2447 611 2516 undique
620 2464 708 2511 ‚saeva
719 2446 887 2519 premebant,
923 2451 975 2502 eto

124 2517 158 2569 Et
170 2516 332 2568 circumfuso
344 2515 488 2568 volitabant
499 2516 586 2568 milite
600 2516 696 2569 Volsci.

124 2587 204 2653 Ecce,
218 2585 297 2653 fugae
309 2583 406 2652 medio,
420 2585 534 2638 summis
544 2587 699 2639 Amasenus
709 2584 852 2641 abundans

124 2654 271 2723 Spumabat
283 2654 348 2775 ripis
355 2670 362 2719 ;
381 2662 471 2707 tantus
482 2671 512 2707 se
524 2655 641 2708 nubibus
652 2655 738 2709 imber

123 2726 248 2793 Ruperat.
284 2724 305 2776 ll
317 2741 340 2793 o,
354 2724 445 2777 inuare
458 2741 562 2794 parans,
575 2724 686 2778 infantis
696 2741 789 2779 amore

123 2794 260 2862 Tardatur‚
274 2810 388 2863 caroque
400 2795 473 2847 oneri
485 2795 571 2847 timet.
607 2794 704 2848 Omnia
714 2810 809 2848 secum
925 2796 978 2849 660

124 2864 247 2915 Versauti
259 2863 347 2916 subito
358 2863 403 2916 viu
415 2863 483 2915 haec
495 2864 629 2915 sententia
640 2863 725 2917 sedit:

124 2932 220 2985 Telum
233 2933 359 2995 immane,
373 2950 455 2985 manu
467 2933 558 2985 valida
568 2932 640 3001 quod
652 2930 719 2985 sorte
730 2932 843 3001 gerebat

84 3054 137 3098 516.
155 3050 251 3109 Troops
262 3066 326 3097 were
338 3062 363 3098 to
374 3052 405 3097 be
416 3060 441 3098 at
457 3050 499 3098 the
516 3066 573 3110 pass
584 3053 688 3113 (seraa)
700 3060 724 3099 at
740 3051 783 3099 tlrs
798 3058 914 3101 entrance
929 3052 977 3105 aad

55 3110 132 3158 outlet
149 3112 348 3165 (hiemat—519.
369 3108 591 3165 Peccantem,
606 3110 753 3159 tra-534.
769 3108 884 3168 Latonin,
896 3110 913 3159 i.
924 3114 978 3161 600.

55 3173 142 3216 -640,
169 3167 323 3220 Privernum.
336 3184 350 3215 a
364 3179 432 3215 town
448 3169 476 3215 ol'
487 3168 529 3217 the
541 3168 634 3226 Volsci,
647 3184 679 3217 on
694 3169 736 3217 the
747 3168 882 3219 Amasenus
898 3174 977 3231 (blm

56 3232 140 3297 1³:²⁹3*
151 3227 198 3299 linc
209 3231 246 3276 36.
254 3231 341 3295 7-551.
354 3227 438 3275 Saluto
448 3242 579 3297 expresses
585 3228 627 3276 the
638 3227 790 3297 suddouness
800 3228 830 3277 of
835 3228 875 3277 his
884 3228 978 3279 msula-

56 3287 497 3415 ltlnllllltrlttltttltlttt
513 3286 776 3413 litiillffillissl
788 3286 981 3398 lltll'ttr

57 3410 89 3453 lro
105 3406 223 3454 caecutcd
240 3410 363 3453 rt.-55·t.
395 3404 486 3460 Telum,
505 3405 608 3453 without
630 3421 645 3453 a
662 3406 730 3462 verb,
749 3403 792 3453 tho
812 3416 981 3459 coustmctrun
