2078 3622
435 166 555 208 ECLOGA
575 169 618 209 tx.

455 364 601 414 MOERIS.

400 465 649 500 merois—noenu.

170 537 232 661 ᾖε.
245 539 305 599 Quo
314 546 349 608 te,
359 538 455 620 Moeri,
462 525 566 619 pedesl
578 557 621 618 an,
631 557 683 609 quo
693 539 736 592 via
743 539 825 610 ducit,
836 539 862 593 in
871 539 983 596 urbetnl

203 626 255 662 cer.
273 608 416 678 OLycida,
430 626 485 662 vrvr
497 626 675 678 pervenimus,
688 609 794 662 advena
805 609 895 680 nostri,

135 676 213 736 Quod
225 694 289 731 num
309 695 373 731 uam
384 679 462 731 veriti
473 696 574 748 sumus,
587 687 615 732 ut
628 696 763 748 possessor
774 678 856 747 agelli

135 747 257 800 Diceret:
278 749 285 779 ‘
317 763 368 799 aec
380 765 442 800 mea
454 757 531 817 sunt,
550 757 655 801 veteres
666 747 778 815 migrate
792 748 897 802 coloni.²

134 816 215 869 Nunc
226 817 298 885 vieti,
312 817 408 886 tristes,
423 817 550 886 quoniam
561 817 627 870 Fors
638 819 729 870 omnia
742 827 838 885 versat,
968 823 984 872 5

133 884 190 937 Hos
202 884 347 954 illi—quod
359 903 410 938 uec
423 894 508 939 vertat
521 886 758 940 bene-mittimus
769 885 879 940 haedos.

169 953 232 1025 lap.
245 955 323 1008 Certe
335 955 464 1023 equidem
474 955 621 1024 audieram,
634 973 687 1024 qua
699 973 728 1008 se
741 956 891 1009 subducere
902 956 985 1010 colles

134 1023 267 1092 Incipiunt
288 1023 414 1093 mollique
425 1025 520 1093 jugum
531 1026 674 1078 demittere
685 1025 762 1094 clivo,

133 1091 226 1161 Usque
238 1063 384 1161 adaquarn
397 1102 423 1146 et
436 1094 541 1163 veteris,
553 1093 609 1164 jam
622 1095 706 1148 fracta
717 1093 868 1166 cacumina,
881 1093 964 1165 fagos,

134 1161 231 1214 Omnia
242 1162 407 1215 carminibus
419 1172 537 1216 vestrum
550 1181 671 1216 servasse
682 1163 836 1217 Menalcan.
952 1169 984 1216 10

169 1229 253 1284 Mocr.
272 1231 423 1286 Audierasl
443 1241 469 1285 et
482 1232 555 1285 fama
567 1231 634 1300 tuit;
652 1233 700 1286 sed
713 1233 831 1286 carmina
844 1241 948 1286 tantum

133 1298 231 1352 Nostra
242 1299 341 1370 ualent,
353 1300 455 1370 Lycida
477 1301 530 1354 tela
542 1301 610 1354 iuter
621 1302 728 1370 Martia,
741 1309 871 1370 quantum

133 1366 268 1422 Chaonias
279 1369 379 1439 dicunt,
392 1341 482 1440 aquila
494 1371 626 1440 veniente,
639 1369 786 1424 columbas.
807 1395 809 1398 ·

133 1435 212 1495 Quod
223 1437 275 1490 nisi
287 1455 332 1492 me
344 1456 514 1510 quacumque
527 1456 610 1494 novas
621 1440 738 1495 incidere
750 1440 813 1494 lites

133 1509 206 1559 Ante
218 1506 403 1562 sinistracava
413 1510 561 1564 monuisset
574 1510 608 1564 ab
620 1509 681 1563 ilice
693 1511 790 1580 cornix,
953 1513 983 1564 15

96 1634 105 1646 ,
133 1575 195 1629 Nec
206 1583 268 1629 tuus
279 1575 324 1630 hic
335 1577 436 1633 Moeris
447 1597 498 1632 nec
511 1581 613 1634 viveret
625 1581 682 1650 ipse
694 1580 843 1634 Menalcas.

168 1643 232 1716 Isyc.
244 1645 313 1716 Heu,
326 1647 398 1770 epdit
410 1649 437 1702 in
449 1665 614 1720 quemquam
628 1659 731 1704 tantum
743 1649 852 1703 scelus?
864 1647 927 1719 beu,
938 1658 984 1702 tua

307 1732 341 1768 no
361 1734 384 1770 rs

134 1783 224 1837 Paene
237 1784 317 1838 simul
329 1793 420 1840 tecum
432 1787 526 1840 solatia
538 1796 619 1857 rapta,
633 1787 780 1842 Menalcal

132 1851 202 1912 Quis
212 1861 321 1907 caneret
332 1855 494 1926 Nymphas?
513 1856 573 1926 quis
584 1856 699 1911 humum
711 1856 868 1911 florentibus
879 1855 972 1910 herbis

134 1921 282 1992 Spargeret,
295 1931 342 1976 aut
353 1925 431 1979 viridi
443 1925 524 1979 fontis
536 1925 674 1979 induceret
686 1926 801 1980 umbrat
950 1929 984 1978 20

134 1991 186 2044 Vel
198 2008 268 2061 quae
280 1993 385 2062 sublegi
397 1995 495 2049 tacitus
508 1995 556 2049 tibi
568 1995 687 2048 carmina
699 2012 791 2065 nuper,

134 2061 202 2114 Cum
216 2069 243 2113 te
254 2061 289 2115 sd
301 2062 412 2116 delicias
423 2064 514 2134 ferree,
528 2063 702 2133 Amaryllida,
716 2064 840 2116 nostrast

136 2129 253 2200 ‘Tityre
266 2130 332 2185 dum
344 2132 549 2187 redeo—brevis
560 2141 602 2185 est
613 2132 774 2202 via—pasce
786 2131 913 2201 capellas,

135 2199 171 2252 Et
181 2207 275 2268 potum
286 2210 376 2272 pastas
387 2218 445 2273 age,
459 2203 560 2273 Tityre,
574 2210 601 2255 et
613 2201 829 2270 interagendum

134 2268 281 2323 Occursare
292 2288 380 2342 capro,
393 2288 474 2326 cornu
486 2271 547 2326 ferit
559 2271 612 2342 ille,
625 2272 738 2325 caveto!
950 2274 983 2324 25

169 2335 254 2392 Mocr.
263 2340 351 2394 Immo
359 2339 434 2411 haec,
442 2358 513 2411 quae
521 2342 591 2394 Varo
598 2340 717 2394 necdum
723 2339 844 2410 perfecte
852 2338 983 2394 canebat:

135 2405 230 2478 ‘Vere
242 2416 319 2464 tuum
330 2427 436 2481 nomen,
449 2419 557 2481 superet
568 2410 649 2464 modo
660 2411 775 2464 Mantua
786 2410 899 2463 uobis-

95 2554 116 2600 1.
132 2550 224 2609 Urbem,
235 2551 346 2601 Mantua.
353 2557 410 2601 -2.
422 2553 478 2601 The
489 2553 654 2601 construction
665 2553 695 2609 is,
711 2552 770 2602 Vici
775 2555 926 2615 peremimus
938 2561 985 2611 (we

63 2609 127 2660 beve
143 2610 209 2659 lived
218 2620 245 2659 to
255 2611 327 2661 reach
342 2612 392 2661 this
407 2618 472 2672 pnes)
484 2615 546 2672 quod
557 2620 580 2668 (e
590 2613 660 2673 thing
670 2611 760 2667 which)
771 2628 899 2674 uunquam
914 2615 986 2662 veriti

63 2686 157 2726 eumue,
174 2678 202 2718 ut
217 2673 318 2727 educam
332 2687 456 2734 weeaeeor
470 2673 550 2720 nostri
563 2673 645 2734 agelli,
658 2673 835 2720 diecret-13.
855 2672 983 2729 Chaonios,

62 2729 188 2777 columboe.
220 2729 275 2778 The
288 2729 401 2779 Chaones
413 2729 535 2790 enciently
546 2730 674 2789 inhabited
686 2730 739 2778 thet
750 2729 844 2778 district
855 2730 884 2779 os
895 2730 985 2789 Epirus

62 2786 149 2835 where
159 2786 262 2836 Dodone
271 2803 332 2845 wne,
345 2789 429 2838 whose
445 2788 524 2836 orscle
535 2787 662 2848 depended
672 2805 704 2837 cn
715 2789 747 2836 its
758 2787 841 2836 doves.
849 2790 926 2856 ’1¹4·
942 2788 984 2838 Io·

62 2846 149 2903 cidere,
162 2846 279 2904 devitare,
291 2849 402 2896 sinistro.
435 2847 527 2896 Cornix
537 2862 552 2895 a
563 2849 666 2895 sinistre
676 2847 733 2895 facit
744 2855 832 2894 retum.
855 2846 907 2895 Crc.
927 2846 984 2897 Dio.

63 2905 79 2952 i.
88 2907 128 2963 39,
140 2908 179 2954 8⁵.
188 2934 220 2945 -
229 2908 265 2954 18.
281 2905 370 2955 Poene.
402 2905 523 2966 Alluding
538 2916 564 2953 to
575 2904 677 2966 Virgil’s
693 2919 789 2954 nenow
804 2920 939 2966 escape-
948 2911 985 2957 19.

64 2963 197 3028 Whetthe
207 2973 264 3024 poet
280 2964 424 3022 celebrates,
437 2965 468 3013 he
480 2965 501 3012 is
511 2964 669 3025 represented
680 2980 707 3012 ss
718 2964 798 3025 doing.
831 2966 878 3014 See
889 2965 942 3016 Ecl.
951 2966 985 3015 vi.

63 3024 102 3081 62,
116 3023 244 3073 dcc-21.
259 3023 303 3073 Vel
313 3025 368 3083 quis
379 3033 475 3073 caueret
500 3041 552 3080 uae,
565 3024 765 3086 &c.-sublcgerc
773 3026 860 3074 tacitos
867 3040 878 3082 ,·
891 3026 986 3086 quietly

62 3091 88 3131 to
99 3082 167 3133 leem
174 3083 242 3131 what
253 3083 355 3131 enother
362 3084 439 3144 cinge,
448 3084 490 3131 wit
509 3092 551 3131 out
561 3083 599 3131 his
608 3084 697 3132 noticin
726 3083 743 3132 it
754 3086 821 3140 (sub).
829 3087 904 3132 -22,
917 3084 985 3132 Love

63 3141 137 3204 being
152 3142 195 3190 the
211 3142 304 3220 delight
315 3141 343 3191 of
354 3143 396 3190 the
413 3142 558 3211 shepberd's
570 3148 684 3199 (nostroe)
696 3099 744 3190 die.
754 3146 831 3191 —26.
847 3142 919 3190 Immo
930 3143 985 3210 quis

63 3213 160 3250 moeret
171 3205 233 3250 hoec.
271 3200 322 3249 Phe
333 3201 412 3260 poet'e
423 3202 504 3260 object
515 3216 596 3249 seems
612 3209 638 3249 to
653 3202 684 3249 be
699 3211 725 3250 to
741 3201 822 3249 datter
833 3200 914 3265 Verus
925 3200 986 3249 wrtlr

63 3260 104 3309 the
115 3260 180 3322 hope
191 3259 220 3308 of
232 3259 355 3308 immortal
370 3259 458 3318 proice,
471 3268 497 3306 tc
512 3259 599 3307 induce
615 3259 666 3308 him
682 3268 708 3308 to
723 3258 779 3308 deal
795 3257 913 3317 leniently
923 3258 986 3307 with

63 3318 260 3427 Mantua-2}
277 3316 386 3380 Superat.
418 3317 565 3379 Equiraleut
577 3328 602 3367 to
612 3319 726 3380 supersit.
758 3316 984 3374 SeeAert.fi.597,

63 3377 161 3439 ihsan
175 3395 198 3429 v.
211 3382 264 3426 51.
