2078 3622
426 174 611 214 (1110110100111.

126 303 269 361 Mutavere
281 303 347 373 vias,
360 310 387 356 et
398 303 504 373 Jupiter
515 303 614 357 uvidus
625 302 724 356 austris

128 375 233 443 uenat,
248 381 323 427 erant
334 390 404 443 quae
418 390 475 426 ram
487 373 575 443 modo,
588 382 623 443 et,
637 389 708 442 quae
719 372 813 441 densa,
825 373 937 444 relaxat,

127 443 270 497 vertuntur
282 446 388 514 species
399 443 559 512 animorum,
572 452 599 496 et
611 452 719 512 pectora
730 452 821 497 motus
930 449 982 499 420

128 514 205 569 Nunc
216 514 290 583 alios,
303 514 377 585 alios,
390 513 456 566 dum
468 513 562 567 nubila
573 523 670 567 ventus
680 513 786 582 agebat,

127 584 299 654 concipiunt:
319 583 383 637 hinc
395 584 441 636 ille
454 585 544 636 avium
557 592 703 636 concentus
716 583 742 636 in
753 583 832 654 egris,

125 653 160 708 Et
173 653 260 707 laetae
271 654 400 723 pecudes,
414 663 441 706 et
453 662 565 706 ovantes
576 659 682 721 gutture
693 653 775 706 corvi.

159 723 186 776 Si
198 738 261 775 vero
273 723 359 777 solem
370 724 405 777 ad
418 722 540 794 rapidum
552 723 684 791 lunasque
696 722 835 791 sequentis

126 792 222 848 Ordine
235 793 370 863 respicies,
383 810 532 862 numquam
545 800 572 846 te
584 793 699 845 crastina
711 792 787 846 fallet
929 799 979 848 425

126 861 202 932 11111,
215 879 304 932 neque
316 862 419 917 insidiis
431 863 516 916 noctis
528 863 635 932 capiere
648 878 769 915 serenae.

128 932 201 985 Luna
213 934 372 986 revertentis
383 950 447 986 curn
459 933 575 1002 primum
587 932 688 1000 colligit
700 931 777 1001 ignis,

124 1001 153 1054 Si
164 1002 268 1070 nigrum
280 1002 392 1055 obscuro
405 1002 601 1071 comprenderit
613 1008 678 1055 aera
688 1017 777 1071 cornu,

124 1071 265 1124 Maximus
276 1072 399 1140 agricolis
446 1071 559 1141 lagoque
572 1073 707 1142 parabitur
718 1071 812 1124 imber.

124 1143 160 1194 At
173 1141 195 1193 si
209 1141 358 1210 virgineum
372 1159 402 1195 su
428 1141 513 1194 uderit
526 1158 571 1193 ore
584 1143 715 1211 ruborem,
929 1147 980 1196 430

124 1211 229 1264 Ventus
241 1211 307 1281 erit,
326 1221 406 1265 vento
418 1228 525 1280 semper
536 1211 614 1264 rubet
626 1228 709 1264 aurea
721 1210 839 1264 Phoebe.

123 1280 169 1335 Sin
180 1289 238 1334 ortu
251 1291 497 1351 quarto-namque
509 1281 533 1334 is
545 1282 710 1334 certissimus
720 1289 831 1334 auotor-

125 1350 202 1419 Pura,
216 1369 304 1421 neque
316 1353 419 1406 obtusis
430 1368 477 1422 per
488 1351 593 1404 coelum
607 1351 730 1404 cornibus
742 1351 806 1405 ibit:

125 1420 209 1472 Totus
221 1429 248 1473 et
261 1421 306 1473 ille
319 1421 384 1490 dies,
398 1422 484 1491 etqui
498 1430 640 1473 nascentur
652 1420 744 1474 abillo

125 1489 259 1542 Exactum
271 1491 304 1542 ad
317 1507 449 1559 mensem,
464 1491 554 1561 pluvia
567 1491 707 1560 ventisque
719 1489 864 1560 carebunr5
929 1495 980 1545 435

125 1558 246 1627 Votaque
259 1560 357 1612 servati
370 1560 474 1613 solvent
486 1561 512 1612 in
525 1560 601 1612 litore
613 1571 712 1613 nautae

125 1628 227 1681 Glauco
240 1637 267 1681 et
281 1630 422 1698 Panopeae
434 1638 461 1682 et
474 1630 538 1682 [noo
549 1629 718 1682 Melicertae.

160 1697 202 1750 Sol
235 1715 329 1778 noque,
344 1708 371 1751 et
384 1700 506 1752 exoriens
518 1707 544 1751 et
557 1716 620 1752 cum
633 1717 663 1751 so
675 1698 773 1752 condet
786 1699 920 1770 inundes,

124 1766 206 1835 Signa
215 1715 308 1837 1111113
327 1768 412 1821 solem
424 1769 575 1821 certissima
587 1769 663 1838 signa
675 1777 831 1840 sequuntur,

107 1837 160 1893 -Et
173 1854 242 1907 quac
255 1855 335 1890 mane
348 1838 436 1907 refert,
450 1848 477 1891 et
489 1855 559 1907 quae
572 1839 743 1907 surgentibus
753 1839 839 1892 astris
929 1843 982 1893 440

125 1906 174 1960 1111
188 1907 234 1960 ubi
247 1917 404 1961 nascentem
417 1908 532 1962 maculis
542 1909 684 1961 variaverit
697 1917 793 1979 ortum,

125 1976 253 2030 Conditus
264 1977 292 2030 in
304 1979 414 2048 nubem,
427 1978 573 2047 medioque
585 1978 712 2046 refugerit
724 1976 797 2048 orbe,

125 2047 248 2116 Suspecti
261 2047 310 2101 tibi
322 2048 373 2101 sint
386 2049 487 2102 imbres
494 2065 502 2118 ;
520 2064 638 2117 namque
650 2054 746 2116 urguet
757 2048 793 2101 ab
804 2047 859 2102 alto

125 2117 256 2171 Arboribn
291 2121 326 2170 ue
340 2118 457 2188 setisque
469 2120 557 2173 Notus
568 2118 711 2188 pecorique
723 2117 840 2171 sinister.

125 2187 281 2240 Autubisu
314 2188 405 2241 lucem
416 2188 501 2242 densa
515 2189 584 2241 inter
596 2187 690 2240 nubila
701 2203 762 2240 sese
928 2191 981 2242 445

126 2256 231 2309 Diversi
245 2267 369 2325 rumpent
381 2257 456 2326 radii,
470 2266 516 2309 aut
528 2258 574 2310 ubi
587 2256 687 2325 pallida
698 2264 789 2325 surget

125 2325 233 2378 Tithoni
246 2342 372 2378 croceum
384 2325 508 2394 linquens
520 2329 623 2379 Aurora
634 2327 740 2380 cubile:

125 2394 202 2448 Heu!
223 2394 297 2446 male
310 2403 367 2447 turn
380 2395 454 2448 mitis
466 2395 595 2449 defendet
607 2398 752 2466 pampinus
762 2412 848 2465 uvas3

126 2465 196 2516 Tam
208 2464 294 2517 multa
306 2464 333 2517 in
346 2465 427 2518 tectis
438 2466 573 2535 crepitans
584 2466 645 2518 salit
658 2465 764 2519 horrida
775 2465 887 2535 grando.

125 2533 285 2603 Henetiam,
299 2551 409 2587 emenso
423 2551 486 2588 oum
497 2535 554 2604 jam
566 2535 674 2588 decedit
686 2536 764 2606 Olym
802 2574 809 2604 ,
928 2541 981 2590 450

126 2602 257 2656 Profuerit
271 2604 426 2656 meminisse
438 2606 541 2672 magis:
561 2622 624 2658 nam
640 2623 723 2675 saepe
735 2606 761 2658 vi
781 2622 860 2658 emus

126 2673 214 2741 Ipsius
226 2673 252 2726 in
265 2673 339 2726 vultu
354 2675 441 2727 varios
453 2691 540 2727 errare
552 2675 663 2728 colores.

125 2743 272 2796 Caeruleus
284 2744 403 2814 pluviam
415 2745 562 2813 denuntiat,
578 2745 673 2813 igneus
685 2745 786 2813 Euros5

126 2812 171 2865 Sin
183 2814 307 2866 maculae
319 2815 446 2886 incipient
459 2815 537 2868 rutilo
551 2815 727 2868 immisoerier
737 2814 802 2884 igni,

126 2882 221 2935 Omnia
233 2892 292 2937 tum
305 2885 403 2952 pariter
414 2894 494 2939 vento
507 2885 660 2954 nimbisque
672 2883 778 2937 videbis
930 2887 980 2938 455

126 2950 251 3004 Fervere.
288 2955 349 3007 Non
361 2955 407 3007 illa
417 2956 561 3024 quisquam
574 2971 619 3008 me
631 2963 709 3007 nocte
721 2970 770 3024 per
780 2952 866 3007 altum

125 3020 175 3089 Ire,
188 3037 277 3090 neque
289 3022 324 3074 ab
336 3031 406 3076 terra
417 3033 525 3076 moneat
537 3024 687 3076 convellere
700 3023 804 3076 funem.

125 3092 161 3142 At
174 3089 205 3156 si,
219 3105 281 3142 cunr
294 3091 445 3162 reseretque
457 3093 532 3146 diem
544 3093 695 3162 condetque
707 3092 831 3163 relatum,

126 3158 245 3212 Lucidus
256 3160 328 3213 orbis
339 3162 398 3231 erit,
411 3162 507 3215 fmstra
519 3163 654 3216 terrebere
667 3161 774 3231 nimbis,

127 3229 162 3282 Et
175 3229 246 3283 claro
258 3229 340 3283 silvas
352 3247 447 3284 cernes
458 3233 582 3302 aquilone
595 3231 706 3285 moveri.
929 3235 981 3288 too

85 3377 199 3426 424-437.
217 3375 374 3438 Prognostica
385 3375 507 3424 derivable
518 3377 579 3425 from
591 3376 633 3424 the
643 3378 886 3426 1110111-438-463.
904 3378 980 3440 Prog.

57 3435 149 3485 nostica
160 3435 283 3485 derivable
292 3436 354 3486 from
365 3436 406 3485 the
418 3450 463 3468 ³¹¹*
