2086 3622
421 173 513 214 cisun
532 175 586 214 xn.
895 161 964 231 ’420Ι

109 301 272 371 Discurrunt,
284 318 311 354 m
367 301 442 371 isque
453 310 551 355 acuunt
563 300 717 355 stridoribus
728 301 782 356 iras
788 319 796 372 ;
905 307 957 360 600

109 369 230 424 Volvitur
241 381 323 424 atero
343 387 372 423 or
384 371 462 423 tectis
469 387 477 438 3
495 380 552 424 tum
566 389 702 425 murmure
714 389 795 425 caeco

109 438 184 493 Intus
196 457 260 492 saxa
272 448 366 493 sonant
373 456 381 509 3
399 456 499 492 vacuas
511 441 531 493 it
544 440 635 494 fumus
645 441 680 494 ad
692 458 780 494 auras.

144 508 248 562 Accidit
260 509 329 562 haec
340 509 420 562 fessis
431 509 514 562 etiam
526 510 631 562 fortuna
642 511 750 580 Latinis,

108 577 184 636 Quae
197 586 279 632 totam
291 580 364 632 luctu
376 579 510 652 conquesit
522 578 642 632 funditus
655 580 758 633 urbem.

108 647 210 714 Regina
220 659 249 700 ut
262 650 340 701 tectis
351 648 504 699 venientem
516 649 643 716 prospicit
654 649 766 718 hostem,
905 653 954 703 596

108 716 209 769 incessi
223 733 319 785 muros,
334 717 404 783 iguis
415 717 449 767 ad
463 724 533 768 tecta
546 719 642 785 volare,

107 785 249 853 Nusquam
261 786 335 837 acies
347 793 438 836 contra
448 785 567 852 Rutulas,
581 786 653 838 nulla
664 787 775 854 agmina
786 787 884 842 Tumr.

107 854 204 906 Infelix
215 871 320 923 pugnae
332 854 459 922 juvenem
471 854 499 906 in
511 856 657 909 certamine
669 855 753 909 credit

108 924 285 992 Exstinctum,
299 932 332 993 et,
347 923 433 975 subito
445 933 564 976 mentem
579 924 683 976 turbata
695 924 792 995 dolore,

108 992 141 1043 Se
154 1009 264 1045 causam
277 993 376 1045 clamat
388 993 543 1062 crimenque
556 1002 689 1062 caputque
702 994 842 1065 malorum,
904 1000 955 1048 600

107 1061 248 1129 Multaque
260 1079 307 1130 per
320 1070 454 1114 moestum
466 1062 578 1114 demens
590 1063 672 1114 effata
684 1063 808 1133 furorem,

108 1130 256 1198 Purpureos
267 1131 392 1183 moritura
404 1147 485 1182 manu
497 1130 621 1183 discindit
633 1132 756 1202 amictus,

108 1199 142 1250 Et
155 1199 253 1251 nodum
268 1199 386 1251 informis
398 1200 444 1250 leti
457 1199 531 1251 trube
544 1201 625 1251 nectit
636 1200 671 1252 ab
683 1200 746 1252 alta.

107 1268 194 1325 Quam
207 1268 312 1320 cladem
324 1269 439 1320 miserae
451 1278 590 1336 postquam
604 1284 734 1338 accepere
747 1269 865 1340 Latinae,

108 1335 177 1389 Filia
189 1336 275 1405 prima
286 1354 368 1389 manu
380 1338 465 1388 flavos
477 1336 587 1388 Lavinia
599 1337 679 1389 crinis
904 1344 954 1393 605

107 1406 142 1458 Et
155 1423 244 1457 roseas
256 1406 357 1458 laniata
368 1423 459 1473 genas,
473 1413 530 1457 tum
543 1415 633 1458 cetera
646 1407 747 1459 circum

106 1474 203 1544 Turba,
217 1476 295 1541 furit3
314 1483 436 1526 resonant
448 1475 502 1526 late
514 1474 684 1543 plangoribus
695 1477 786 1530 aedes.

107 1543 176 1595 Hinc
188 1554 271 1597 totam
284 1544 376 1596 infelix
388 1543 510 1611 vulgatur
522 1544 595 1596 farua
606 1561 653 1613 per
664 1545 769 1599 urbem.

108 1613 257 1666 Demittunt
269 1621 375 1666 mentes
382 1629 389 1681 3
407 1613 427 1665 it
439 1614 522 1665 scissa
534 1621 609 1666 veste
622 1614 739 1684 Latinus,
760 1631 763 1637 ·

106 1683 232 1751 Conjugis
244 1684 371 1746 attoqitus
382 1682 445 1734 fatis
456 1682 581 1751 urbisque
593 1683 676 1753 ruina,
904 1689 956 1738 610

109 1751 241 1804 Canitiem
253 1751 392 1805 immundo
405 1751 541 1820 perfusam
553 1751 791 1824 pulvere'turpans,

109 1819 250 1888 Multaque
263 1837 292 1873 se
305 1822 416 1888 incusat,
429 1821 476 1887 qui
488 1836 541 1872 non
553 1821 688 1890 acceperit
700 1829 762 1885 ante

109 1888 272 1942 Dardanium
284 1891 405 1955 Aenean,
418 1905 601 1957 generumque
613 1885 755 1942 adscire'rit
768 1890 845 1944 ultro.

145 1957 248 2010 Interea
260 1967 380 2011 extremo
392 1957 503 2010 bellator
515 1957 541 2010 iu
553 1974 669 2026 aequore
681 1959 785 2012 Turnus

111 2025 229 2079 Palantis
241 2027 359 2095 sequitur
371 2042 471 2096 paucos
480 2026 537 2095 jam
549 2028 659 2095 segnior,
673 2029 755 2097 a'tque
907 2033 958 2082 616

110 2097 171 2148 Jam
184 2095 273 2148 minus
284 2105 365 2164 atque
377 2095 468 2147 miuus
480 2111 608 2149 successu
619 2096 708 2150 laetus
720 2112 859 2166 equorum.

110 2165 207 2217 Attulit
220 2164 292 2217 hunc
304 2165 342 2217 illi
355 2165 446 2217 caecis
458 2165 599 2218 terroribus
610 2181 675 2218 aura

112 2233 291 2287 Commixtum
306 2235 458 2301 clamorem,
474 2242 577 2286 arrecta
610 2251 645 2287 ue
657 2235 763 2303 impulit
776 2235 848 2289 auris

111 2303 243 2356 confusae
256 2321 336 2356 sonus
346 2302 420 2355 urbis
432 2311 459 2355 et
470 2303 598 2356 inlaetabi
609 2319 625 2356 e
637 2320 765 2358 murmur.

114 2372 180 2424 ‘Hei
192 2372 274 2425 mihil
295 2371 360 2442 quid
373 2380 446 2424 tanto
459 2372 597 2426 turbantur
608 2372 715 2426 moenia
726 2372 822 2428 luctui
909 2378 961 2427 620

112 2441 214 2500 Quisve
227 2442 277 2494 ruit
289 2450 380 2495 tantus
391 2440 498 2494 diversa
509 2441 610 2495 clamor
621 2442 656 2495 ab
663 2442 762 2496 arbel²

112 2511 155 2564 Sic
166 2511 212 2580 ait,
226 2510 402 2580 adductisque
414 2527 508 2564 amens
520 2511 642 2565 subsistit
655 2511 776 2565 habenis.

113 2584 203 2649 Atque
216 2580 286 2650 huic,
300 2581 327 2632 in
339 2580 438 2632 faciem
450 2596 522 2632 soror
532 2588 562 2633 ut
573 2597 702 2634 conversa
713 2581 823 2635 Metisci

114 2649 231 2715 Aurigae
243 2665 408 2716 currumque
420 2657 447 2700 et
460 2666 543 2717 equos
555 2657 582 2701 et
595 2649 649 2701 lora
661 2649 776 2718 regebat,

113 2717 225 2769 Talibus
236 2717 349 2770 occurrit
360 2717 454 2768 dictis:
475 2718 555 2784 ‘Hac,
567 2717 666 2787 Turne,
679 2733 825 2788 sequamur
912 2720 963 2768 626

114 2785 287 2854 Trojugenas,
302 2802 355 2854 qua
368 2786 538 2852 primariam
552 2785 663 2838 victoria
674 2785 767 2854 pandit
775 2801 783 2855 ;
877 2793 880 2797 ’

114 2854 179 2907 Sunt
191 2855 248 2924 alii,
262 2854 307 2923 qui
322 2863 392 2906 tecta
403 2870 485 2907 manu
497 2853 644 2906 defendere
656 2854 766 2923 possint.

114 2924 334 2991 IngmitAeneas
345 2923 419 2975 Italis
430 2931 457 2974 et
469 2922 570 2992 proelia
582 2923 687 2990 miscet,

117 2993 151 3044 Et
163 3010 210 3045 nos
222 3009 303 3045 saeva
315 3008 396 3044 manu
409 2991 547 3044 mittamus
559 2991 654 3044 funera
666 2991 786 3045 Teucris.

77 3163 130 3207 595.
151 3158 236 3212 Tectis,
250 3157 275 3205 in
285 3158 317 3206 its
328 3159 434 3218 primary
444 3173 532 3214 sense,¹
542 3155 618 3204 ‘from
628 3156 671 3204 the
679 3155 735 3203 roof
742 3155 770 3203 of
776 3155 818 3203 the
828 3153 928 3214 palaea)
935 3172 966 3188 -⁴

47 3222 100 3268 612.
119 3217 321 3324 filei-accepepit,
334 3219 367 3266 vi.
379 3222 432 3265 591.
465 3217 529 3264 This
545 3215 592 3263 eud
609 3215 650 3263 the
666 3226 724 3283 next
741 3214 789 3262 liue
800 3229 841 3262 ere
852 3215 965 3282 byusome

48 3292 119 3337 regar
136 3276 165 3323 ed
183 3292 209 3324 as
226 3291 347 3334 spurious,
365 3276 412 3325 und
430 3275 532 3334 adopted
550 3276 609 3334 bya
624 3275 769 3322 transcnber
787 3273 849 3325 from
865 3287 898 3320 xi.
908 3273 964 3327 471.

48 3339 200 3386 sta-515.
217 3334 320 3391 Paucos,
335 3338 438 3384 because
450 3335 533 3383 driven
545 3336 577 3443 hp
587 3334 625 3381 his
636 3333 708 3381 sister
716 3342 741 3380 to
750 3332 792 3379 tho
803 3332 879 3381 skirts
889 3329 918 3379 of
924 3330 967 3381 tho

54 3394 255 3446 condiet-621.
272 3394 383 3453 Diversa,
397 3410 466 3456 away
478 3393 539 3443 from
550 3404 559 3441 t
579 3408 591 3441 e
603 3407 676 3441 sceno
687 3391 716 3440 of
723 3391 811 3441 action.
