2078 3622
447 162 629 203 oaoaGtcort.

151 291 335 359 lmmunisque
347 289 446 342 sedens
456 289 544 341 aliena
555 288 590 342 ad
602 288 700 357 pabula
712 290 791 342 fucus
798 304 806 357 3
825 357 831 367 .

150 362 205 412 Aut
217 375 295 427 asper
306 358 397 411 crabro
409 358 555 426 imparibus
567 376 596 410 se
610 358 753 411 immiscuit
765 374 854 428 armis,

150 431 205 480 Aut
217 427 312 495 dirum,
326 428 415 494 tiniae,
428 444 521 495 genus,
534 436 580 479 aut
592 427 678 479 invisa
689 428 830 480 Minervae

151 497 236 548 Lartos
248 497 274 547 in
288 496 387 548 loribus
399 496 536 564 suspendit
548 512 646 548 aranea
658 513 757 549 casses.

150 565 208 621 Quo
221 565 308 631 magis
320 564 466 616 exhaustae
479 564 584 633 fuerint,
597 564 648 617 hoc
658 566 747 618 acrius
757 581 852 618 omnes

150 633 309 685 Incumbent
320 634 425 700 generis
437 633 505 702 lapsi
517 635 614 685 sarcire
627 634 723 703 ruinas,

151 701 382 770 Complebuntque
395 702 463 753 loros
475 711 502 754 et
514 702 624 755 floribus
635 702 728 755 horrea
740 710 839 755 terrent.

186 770 211 821 st
223 787 293 838 vero,
307 771 431 839 quoniam
443 787 521 823 casus
532 771 628 840 apibus
639 788 744 840 quoque
757 779 859 824 nostros

150 838 210 890 Vita
223 840 290 907 tulit,
305 840 370 891 tristi
383 839 547 905 languebunt
559 856 668 908 corpora
680 840 807 894 morbo-

150 906 226 965 Quod
238 908 357 976 jamnon
370 908 460 961 dubiis
472 909 570 977 poteris
581 925 742 976 cognoscere
755 909 849 976 signis:

151 976 279 1029 Continuo
292 985 333 1029 est
345 978 433 1044 aegris
444 977 513 1029 alius
524 977 610 1044 color3
629 976 733 1029 horrida
745 978 846 1030 voltum

150 1045 287 1097 Deformat
299 1046 400 1098 macies
407 1063 414 1114 5
434 1054 491 1099 tum
502 1063 609 1116 corpora
622 1046 682 1098 luce
694 1055 833 1099 carentum

150 1115 296 1183 Exponam
308 1115 385 1167 tectis
397 1123 423 1168 et
436 1116 520 1167 tristia
531 1115 625 1167 funera
637 1115 738 1167 ducunt
745 1131 753 1182 ;

148 1186 203 1236 Aut
215 1184 277 1237 illae
290 1183 404 1252 pedibus
415 1200 550 1237 connexae
562 1184 597 1236 ad
610 1183 703 1236 limina
714 1183 839 1253 pendent,

148 1255 204 1306 Aut
216 1254 288 1306 intus
300 1252 398 1305 clausis
410 1263 565 1306 cunctantur
576 1254 603 1305 in
615 1252 734 1320 aedibus,
747 1269 843 1306 omnes

150 1322 320 1392 Ignavaeque
333 1322 405 1375 lame
418 1331 445 1375 et
457 1330 590 1375 contracto
602 1321 697 1389 frigore
710 1321 809 1390 pigrae.

149 1391 218 1444 Turn
232 1408 312 1444 sonus
322 1392 428 1444 auditur
440 1394 548 1460 gravior,
562 1391 721 1460 tractimque
733 1398 869 1444 susurrant
876 1406 885 1458 ;

149 1458 273 1528 Frigidus
286 1468 314 1513 ut
326 1460 459 1529 quondam
472 1461 547 1513 silvis
558 1460 744 1513 immurmurat
755 1462 862 1530 Auster,

149 1528 185 1581 Ut
196 1546 270 1581 mare
283 1529 426 1581 sollicitum
437 1528 522 1582 stridit
534 1529 707 1582 refluentibus
719 1528 805 1599 undis,

149 1600 262 1649 Aestuat
276 1606 304 1649 ut
316 1598 415 1650 clausis
427 1596 535 1665 rapidus
547 1598 699 1651 fornacibus
710 1598 813 1665 ignis—

149 1665 200 1718 Hic
214 1665 267 1718 ‘am
277 1666 423 1734 galbaneos
434 1666 552 1720 suadebo
564 1667 708 1719 incendere
719 1666 821 1737 odores,

149 1733 207 1787 Mel
218 1751 288 1802 aque
299 1734 453 1787 arundineis
463 1735 560 1787 inferre
571 1734 717 1805 canalibus,
731 1736 798 1790 ultro

149 1803 305 1856 Hortantem
317 1812 344 1856 et
356 1803 442 1856 fessas
453 1802 488 1856 ad
499 1804 598 1873 pabula
609 1813 672 1857 nota
683 1813 826 1858 vocantem

150 1872 269 1924 Proderit
281 1882 309 1925 et
320 1881 429 1925 tunsum
440 1872 527 1942 gallae
539 1873 688 1927 admiscere
700 1889 823 1943 saporem

149 1941 312 2011 Arentisque
324 1958 381 1994 rosa
417 1952 463 1994 aut
476 1942 529 2010 igni
541 1942 651 2011 pinguia
663 1942 745 1996 multo

149 2010 267 2079 Defruta,
281 2011 324 2064 vel
337 2012 393 2065 Psit
415 2011 438 2063 ‘a
449 2028 543 2081 passos
554 2011 588 2063 de
601 2012 655 2063 vite
668 2024 788 2064 racemos

149 2079 306 2149 Cecropium
328 2098 361 2133 ue
374 2080 498 2150 thymum
509 2090 536 2132 et
547 2097 628 2148 grave
645 2079 744 2132 olentia
755 2086 908 2131 centaurea.

149 2148 198 2201 Est
211 2149 294 2202 etiam
305 2098 355 2203 Hos
367 2150 394 2202 in
406 2150 496 2219 pratis,
509 2151 552 2202 cui
564 2166 661 2202 nomen
674 2148 773 2201 amello

149 2215 250 2270 Fecere
262 2218 402 2287 agricolae,
416 2219 504 2271 facilis
534 2217 705 2271 uaerentibus
716 2216 815 2284 herba3

149 2286 275 2356 Namque
288 2304 340 2340 uno
353 2288 378 2340 in
399 2296 489 2340 entem
502 2296 527 2340 to
549 2288 569 2340 it
580 2287 616 2339 de
628 2286 730 2366 cespite
742 2284 849 2354 silvam,

150 2356 256 2407 Aureus
267 2355 332 2425 ipse,
346 2305 398 2408 sed
406 2356 434 2409 in
445 2355 523 2426 soliis,
537 2372 606 2425 quae
618 2357 734 2425 plurima
745 2354 847 2408 circum

149 2422 314 2493 Funduntur‚
327 2424 413 2478 violae
425 2424 547 2478 sublucet
558 2441 674 2495 purpura
685 2425 794 2493 nigra03

149 2491 234 2561 Saepe
247 2492 328 2546 deum
341 2494 417 2547 nexis
428 2502 535 2547 ornatae
548 2493 684 2563 torquibus
695 2509 774 2562 arae;

149 2563 237 2630 Asper
248 2563 275 2614 in
287 2578 332 2615 ore
344 2579 422 2633 sapor
429 2580 437 2632 ;
457 2563 538 2617 tonsis
549 2564 576 2616 in
589 2562 705 2616 vallibus
717 2562 795 2615 illum

149 2630 272 2683 Pastores
284 2640 312 2683 ct
323 2647 406 2685 curva
417 2632 509 2700 legunt
520 2649 601 2702 prope
613 2632 725 2685 flumina
735 2629 846 2684 Mellae.

149 2698 236 2768 Hujus
247 2700 354 2753 odorato
367 2702 470 2754 radices
482 2702 595 2771 incoque
607 2701 721 2769 Baccho,

148 2768 305 2838 Pabulaque
317 2770 344 2823 in
357 2770 457 2824 loribus
468 2770 554 2840 plenis
565 2769 669 2839 adpone
681 2767 811 2822 canistris.

183 2836 234 2890 Sed
248 2839 364 2908 siquem
394 2841 462 2893 roles
474 2839 560 2893 subito
573 2839 703 2893 defecerit
714 2837 787 2891 omni

149 2905 176 2956 N
178 2921 217 2974 ec,
230 2923 316 2973 genus
326 2926 361 2960 un
382 2926 494 2962 enovae
508 2908 595 2977 stirpis
607 2917 752 2977 revocetur,
765 2853 884 2984 hanbebit,

148 2973 269 3041 Tempus
281 2984 308 3027 et
319 2977 428 3030 Arcadii
439 2977 613 3029 memoranda
626 2977 734 3029 inventa
745 2974 866 3043 magistri

148 3041 277 3110 Pandere,
290 3060 396 3113 quoque
408 3045 487 3097 modo
499 3045 587 3098 caesis
597 3045 653 3114 jam
666 3061 747 3114 saepe
758 3041 881 3113 juvencis

148 3109 300 3162 Insincetus
311 3129 377 3181 apes
389 3114 479 3165 tulerit
491 3131 573 3166 cruor.
610 3113 699 3167 Altius
709 3129 819 3166 omnem
944 3111 995 3163 ²85

108 3227 222 3271 251-280.
238 3222 354 3272 Diseases
366 3226 394 3274 of
406 3228 473 3282 bees,
487 3227 534 3274 and
545 3227 608 3275 their
618 3226 746 3275 remedies.
755 3225 909 3273 -ast-aet.
920 3221 995 3273 ltrhe

78 3297 168 3351 swarrn
179 3283 207 3330 ol
218 3284 277 3330 bees
289 3282 333 3330 has
344 3284 399 3332 died
415 3293 466 3341 out,
479 3302 494 3332 a
505 3284 643 3334 methodos
654 3284 777 3353 replacing
791 3280 938 3352 themnfrom
952 3280 995 3329 tlte

78 3341 191 3400 putrified
202 3358 298 3390 carcase
310 3342 338 3390 of
344 3359 358 3391 a
367 3343 450 3399 heder,
462 3344 600 3393 mentioned
611 3361 638 3392 as
649 3346 722 3404 berng
731 3341 855 3391 universal
864 3356 891 3390 tn
899 3340 993 3403 Egypt,

78 3400 126 3449 aad
136 3399 190 3449 first
200 3401 321 3461 practised
331 3405 364 3463 by
376 3404 513 3452 Aristaeus.
