2086 3622
445 171 539 213 LIBER
559 171 579 211 l·

117 297 155 354 Et
166 296 279 368 quidam
291 312 366 351 seros
376 297 483 353 hiberni
493 299 529 353 ad
541 298 652 353 luminis
663 297 734 367 ignis

117 367 271 438 Porrigilat,
285 366 409 438 ferroque
421 367 497 421 faces
507 369 549 421 ins
568 370 621 421 icat
632 377 712 422 acuto
718 384 727 438 3

117 439 226 493 Interea
238 439 347 516 longum
360 447 441 491 cantu
454 438 538 491 solata
550 386 671 491 faborem

117 511 221 577 Arguto
233 525 351 577 conjunx
362 507 491 577 percurrit
504 509 610 578 pectine
623 509 691 562 telas
698 524 705 576 ς

117 581 175 633 Aut
187 577 275 631 dulcis
285 579 369 631 musti
381 577 502 631 Vulcano
513 578 641 647 decoquit
653 577 802 649 humorem,
921 583 972 634 295

118 649 154 702 Et
167 647 238 701 foliis
249 647 351 701 undam
363 647 461 716 trepidi
473 647 616 717 despumat
628 649 698 701 aeni.

152 719 189 771 At
202 716 350 771 rubicunda
361 718 443 770 Ceres
454 717 544 770 medio
557 716 702 771 succiditur
713 726 799 790 aestu,

118 787 155 841 Et
166 786 257 840 medio
270 794 354 847 tostas
366 796 443 840 aestu
456 786 516 839 terit
528 803 592 840 area
603 786 705 856 fruges.

117 856 217 910 Nudus
228 873 282 926 ara,
296 872 356 909 sere
367 855 471 909 nudus:
490 856 579 911 hiems
590 857 688 926 ignava
699 856 802 912 colono.

119 925 273 994 Frigoribus
284 934 360 995 parto
373 926 505 994 agricolae
517 927 678 996 plerumque
691 926 822 1000 fruuntur,
924 932 973 981 300

118 995 272 1065 Mutuaquc
284 997 353 1048 inter
365 1012 395 1048 se
407 995 471 1049 lasti
483 996 605 1050 convivia
616 1005 720 1050 curant.

119 1065 218 1119 Invitat
230 1065 344 1133 genialis
356 1064 453 1136 hiems,
466 1083 600 1136 curasque
612 1066 734 1120 resolvit:

119 1135 177 1188 Ceu
188 1151 298 1204 pressae
311 1152 373 1187 curn
385 1135 441 1205 jam
453 1143 560 1205 portum
573 1137 683 1205 tetigere
696 1136 804 1190 carinae

118 1204 159 1258 Pu
179 1204 258 1275 pibus
269 1213 297 1257 et
308 1204 373 1265 laeti
386 1214 485 1258 nautae
498 1205 649 1275 imposuere
662 1222 782 1259 coronas.

119 1221 179 1327 Serij
187 1283 278 1327 tamen
290 1282 317 1327 et
329 1290 445 1343 quernas
456 1273 569 1342 glandes
581 1283 639 1328 tum
652 1276 781 1343 stringere
795 1284 909 1347 tempus,
923 1279 973 1329 300

119 1344 155 1397 Et
167 1343 235 1397 lauri
246 1344 346 1397 baccas
357 1343 500 1411 oleamque
513 1352 677 1412 cruentaque
690 1353 778 1414 myrta
784 1361 793 1414 3

119 1413 191 1466 Tum
203 1413 314 1481 gruibus
325 1413 435 1482 pedicas
447 1421 475 1465 et
487 1412 554 1465 retia
565 1429 664 1482 ponere
676 1414 769 1482 cervis,

119 1483 282 1552 Auritosque
296 1483 372 1552 sequi
384 1483 489 1552 lepores
495 1499 503 1551 3
522 1490 580 1535 turn
592 1483 674 1550 figere
687 1483 789 1554 damas,

119 1553 238 1622 Stuppea
251 1560 419 1673 torquentem
432 1551 550 1605 Balearis
560 1554 673 1606 verbera
684 1552 800 1622 fundae,

119 1622 209 1682 Quum
222 1622 295 1674 nixa
308 1630 334 1674 ta
344 1621 423 1692 jacet,
436 1621 552 1690 glaciem
565 1639 650 1691 quum
662 1623 774 1676 flumina
786 1623 904 1678 trudunt.
923 1629 974 1677 310

154 1691 226 1750 Quid
238 1698 414 1770 tempestates
426 1692 564 1745 auctumni
578 1700 605 1744 et
617 1692 706 1746 sidera
717 1692 829 1747 dicerni

118 1763 220 1830 Atque,
232 1760 280 1813 ubi
291 1778 349 1831 Jaru
361 1761 521 1830 breviorque
534 1761 593 1815 dies
605 1769 633 1814 et
645 1762 748 1815 mollior
759 1771 857 1832 aestas,

119 1831 197 1891 Quae
209 1831 344 1900 vigilanda
355 1832 437 1884 viriet
454 1830 499 1884 vel
511 1848 576 1884 cum
587 1831 640 1884 ruit
652 1831 823 1886 imbriferum
834 1849 891 1904 ver,

119 1901 217 1970 Spicea
229 1900 285 1970 jam
298 1901 404 1970 campis
415 1917 479 1954 cum
491 1901 590 1954 messis
602 1901 737 1971 inhorruit,
752 1910 779 1954 et
791 1919 856 1956 cum

119 1970 267 2024 Frumenta
279 1970 307 2023 in
318 1971 396 2024 viridi
409 1971 507 2040 stipula
519 1971 645 2023 lactentia
657 1971 783 2039 turgenti
922 1975 973 2026 315

119 2039 207 2109 Saepe
219 2057 276 2109 ego,
290 2057 354 2093 cum
366 2041 444 2093 flavis
454 2056 602 2093 messorem
614 2039 752 2093 induceret
763 2040 836 2093 arvis

119 2109 252 2179 Agricola,
265 2119 293 2162 et
305 2109 391 2178 fragili
402 2109 459 2178 jam
472 2109 612 2176 stringeret
623 2107 725 2161 hordea
735 2109 833 2179 culmo,

120 2178 218 2233 Omnia
229 2189 370 2232 ventorum
383 2195 539 2231 concurrere
551 2178 652 2247 proelia
664 2178 727 2248 vidi,

120 2249 197 2307 Quae
208 2249 350 2317 gravidam
362 2249 416 2302 late
428 2258 551 2316 segetem
562 2248 598 2301 ab
610 2247 745 2303 radicibus
756 2246 820 2303 imis

121 2316 272 2371 Sublimem
284 2318 422 2389 expulsam
436 2325 559 2371 eruerent
566 2334 574 2387 3
592 2319 630 2371 ita
642 2317 748 2372 turbine
760 2319 834 2388 nigro
922 2323 973 2372 320

120 2386 214 2440 Ferret
226 2387 314 2442 hiems
325 2388 501 2458 culmumque
513 2387 603 2441 levem
616 2388 780 2459 stipulasque
793 2389 915 2444 volantis.

120 2457 206 2526 Saepe
219 2458 303 2511 etiam
314 2458 479 2511 immensum
491 2457 566 2510 coelo
579 2457 654 2510 venit
665 2475 764 2526 agmen
776 2475 916 2530 aquarum,

119 2526 155 2580 Et
167 2527 274 2582 ibadam
286 2527 435 2596 glomerant
448 2534 638 2597 tempestatem
651 2527 784 2583 imbribus
795 2529 860 2583 atris

118 2595 254 2650 collectae
267 2615 301 2650 ex
312 2597 367 2650 alto
378 2596 480 2666 nubes3
499 2597 550 2650 ruit
562 2598 663 2652 arduus
674 2596 775 2666 aether,

118 2665 153 2718 Et
166 2665 257 2735 pluvia
268 2666 369 2735 ingenti
382 2676 440 2720 sata
452 2667 524 2719 laeta
535 2666 618 2720 boum
638 2685 672 2721 ue
684 2667 791 2720 labores
919 2671 970 2720 325

116 2735 218 2804 Diluit5
233 2736 378 2805 implentur
390 2736 486 2806 fossae,
500 2745 527 2788 et
539 2753 606 2788 cava
618 2685 730 2790 humina
742 2743 866 2790 crescunt

116 2804 186 2858 Cum
198 2806 294 2875 sonitu,
307 2805 448 2875 fervetque
461 2805 536 2858 fretis
547 2805 711 2872 spirantibus
722 2821 829 2874 aequor.

117 2874 130 2926 1
150 2891 179 2927 se
192 2876 279 2945 Pater,
292 2876 383 2929 media
395 2874 549 2928 nimborum
560 2873 587 2925 in
599 2882 685 2943 nocte,
700 2889 811 2926 corusca

139 2943 242 2998 ulmina
253 2945 361 2998 molitur
372 2944 483 2998 dextra:
503 2959 555 3012 quo
567 2942 689 2996 maxima
701 2950 776 2997 motu

115 3015 198 3067 Terra
211 3015 309 3084 tremit,
323 3013 417 3082 fugere
430 3014 512 3083 ferae,
526 3021 552 3065 et
564 3012 687 3066 mortalia
699 3012 780 3066 corda
920 3018 970 3066 330

115 3083 167 3136 Per
178 3085 266 3152 gentis
279 3083 396 3138 humiles
408 3083 502 3136 stravit
514 3099 611 3153 pavor:
631 3080 677 3134 ille
689 3082 813 3151 flagranti

43 3161 189 3244 ''aei-299.
203 3194 277 3242 Some
289 3195 340 3242 thin
360 3210 371 3241 s
383 3209 423 3242 arc
433 3195 514 3242 better
522 3193 585 3241 done
597 3193 621 3239 in
632 3207 754 3250 summam
767 3196 880 3240 300-310.
894 3191 969 3241 Some

43 3253 322 3306 inwinter.-311-334.
367 3253 396 3300 he
408 3253 486 3300 havoc
496 3253 567 3300 made
578 3255 612 3311 by
623 3268 654 3299 an
665 3252 791 3300 autumnal
803 3262 888 3300 sturm.
915 3253 957 3301 Ad

43 3313 148 3384 mirebly
159 3313 287 3372 expanded
303 3311 350 3361 and
366 3311 477 3360 imitated
493 3313 527 3372 by
539 3313 676 3369 Thomson‚
691 3312 715 3359 in
726 3311 765 3360 his
776 3311 893 3371 Samma,
906 3311 967 3362 line·

44 3375 212 3436 mmm-
243 3430 342 3480 *Behold
350 3433 406 3472 slew
419 3430 510 3482 seruiat
523 3432 567 3472 ⁰⁹⁰¹
579 3432 616 3474 ²¹¹⁸
629 3431 684 3473 ”md
696 3432 774 3484 “m‘'
