2086 3622
416 156 508 199 ursae
528 157 582 195 xu.
900 141 959 198 419

111 283 216 336 Diluvio
228 284 352 351 miscens,
367 283 526 352 coelumque
539 284 564 336 in
578 285 687 334 Tartara
699 282 800 351 solvat;
908 289 957 336 205

110 353 145 406 Ut
158 361 292 421 sceptrum
305 352 639 421 hod-dextrasceptrum
660 371 720 405 nam
735 352 801 404 forte
813 352 960 420 gerebat-

113 423 283 490 ‘Numquam
296 421 386 474 fronde
400 422 453 473 levi
466 422 559 474 fundet
573 422 683 490 virgulta
698 439 747 474 neo
760 422 875 491 umbras,

110 492 177 543 Cum
190 491 276 543 semel
288 491 316 543 in
329 492 402 544 silvis
414 492 468 542 imo
481 492 514 542 de
527 491 736 560 stirperecisum
813 524 823 539 .

108 560 198 612 Matre
211 570 290 629 caret,
304 561 443 629 posuitque
456 578 547 612 comas
559 570 585 612 et
600 560 707 612 brachia
720 560 787 612 ferro
795 576 803 628 3

108 630 178 682 Olim
191 631 284 698 arbos,
302 647 373 682 nuno
385 630 492 681 artificis
504 647 600 681 manus
612 647 673 681 aere
686 630 782 682 dcc-oro
907 633 957 681 210

108 699 227 767 Inclusit,
241 699 413 767 patribusque
426 699 499 750 dedit
512 708 616 765 gestare
629 699 747 751 Latinis'

109 768 220 821 Talibus
231 768 298 818 inter
311 784 340 818 se
352 768 494 819 firmabant
507 767 615 818 foedera
627 768 706 819 dictis
799 830 800 834 Ἰ

109 837 257 904 Conspectu
270 836 297 888 in
310 836 398 888 medio
411 854 559 904 procerum.
594 837 664 888 Turn
679 839 726 888 rite
739 847 856 890 sacratas

108 906 138 957 In
151 907 290 958 flammam
301 904 421 973 jugulant
436 906 559 975 pecudes,
573 915 600 956 et
614 905 714 958 viscera
727 908 795 959 vivis

109 975 235 1043 Eripiunt,
250 976 441 1044 cumulantque
453 977 568 1027 oneratis
580 975 701 1028 lancibus
713 993 780 1028 aras.
905 981 956 1028 215

143 1048 178 1096 At
192 1061 253 1094 vero
265 1045 370 1097 Rutulis
382 1045 467 1113 impar
479 1062 511 1096 ea
523 1062 612 1113 pugna
626 1044 709 1096 videri

108 1112 280 1181 Jamdudum,
294 1125 320 1166 et
333 1115 405 1166 vario
418 1114 524 1166 misceri
538 1123 644 1181 pectora
656 1124 728 1166 motu
739 1131 746 1181 3

107 1182 178 1234 Turn
191 1183 286 1250 magis,
302 1191 329 1234 ut
341 1184 448 1251 propius
460 1191 571 1234 cernunt
584 1200 634 1234 non
648 1183 749 1235 viribus
760 1183 862 1250 aequis.

108 1251 227 1320 Adjuvat
240 1252 346 1304 incessu
359 1252 437 1303 tacito
450 1268 604 1319 progressus
616 1261 642 1302 et
654 1269 730 1304 aram

108 1320 265 1389 Suppliciter
277 1337 408 1373 venerans
419 1320 535 1373 demisso
549 1319 649 1372 lumine
662 1321 775 1388 Turnus,
905 1325 955 1372 220

108 1390 296 1456 Tabentesque
308 1406 394 1457 genae
407 1398 433 1441 et
444 1389 562 1458 juvenali
575 1389 601 1440 in
615 1407 721 1457 corpore
735 1389 817 1458 pallor

107 1458 194 1516 Quem
208 1458 287 1510 simul
300 1475 332 1510 ac
344 1460 455 1512 Juturua
468 1475 538 1510 soror
550 1458 718 1510 crebrescere
732 1460 797 1511 vidit

107 1526 271 1596 Sermonem,
284 1535 311 1580 et
324 1527 394 1595 volgi
406 1528 510 1580 variare
523 1528 640 1580 labantia
653 1529 740 1596 corda,

107 1597 138 1648 ln
150 1597 254 1650 medias
266 1599 345 1666 acies,
356 1597 470 1649 sormam
483 1597 639 1649 assimulata
652 1597 804 1650 Camerti-
832 1597 836 1604 '

108 1667 157 1719 Cui
167 1684 253 1734 genus
264 1684 280 1717 a
293 1667 398 1736 proavis
410 1668 513 1734 ingens,
526 1668 682 1735 clarumque
695 1676 821 1736 paternae
905 1669 955 1718 225

107 1737 212 1790 Nomen
228 1745 282 1788 erat
296 1737 406 1804 virtutis,
420 1748 446 1788 et
459 1737 516 1804 ipse
528 1739 675 1789 acerrimus
687 1737 804 1788 armis-

107 1804 137 1856 ln
153 1806 257 1856 medias
269 1806 315 1856 dat
327 1823 386 1857 sese
400 1806 480 1872 aciae,
494 1805 566 1857 baud
580 1806 671 1857 nescia
684 1823 780 1874 rerum,

107 1873 290 1941 Rumoresque
304 1874 366 1925 serit
379 1876 471 1941 varios,
485 1890 518 1925 ao
530 1875 593 1925 talia
605 1873 688 1926 satur:

110 1942 184 1994 ‘Non
197 1944 287 2011 pudet,
302 1959 317 1993 ο
329 1943 427 2011 Rutuli,
441 1959 486 2011 pro
499 1943 602 1994 cunctis
615 1943 712 1995 talibus
725 1960 806 1996 unam

107 2010 247 2080 Objeetare
258 2011 397 2064 animam?
416 2028 561 2064 numerous
574 2030 608 2064 an
621 2012 721 2064 viribus
732 2013 812 2081 aequi
905 2014 955 2062 230

107 2080 166 2133 Non
180 2081 292 2133 sumus?
312 2081 361 2149 En,
374 2097 468 2133 omnes
480 2089 507 2132 et
519 2081 601 2133 Tro'e's
613 2090 639 2133 et
652 2081 771 2134 Arcades
783 2081 810 2134 bi
823 2087 892 2152 sunt,

108 2148 261 2218 Fatalisque
274 2167 377 2218 manus,
392 2150 496 2202 insensa
509 2151 612 2203 Etruria
625 2152 722 2202 Turno.
758 2192 760 2196 .

107 2219 161 2271 Vix
172 2220 285 2287 hostem,
299 2220 392 2271 alterni
406 2219 428 2272 si
440 2220 650 2289 congrediamur,
664 2219 804 2274 habemus.

108 2288 156 2341 llle
169 2289 280 2356 quidem
292 2288 324 2340 ad
339 2306 455 2357 superos,
469 2305 580 2357 quorum
594 2306 623 2341 se
635 2289 750 2341 devovet
761 2289 821 2358 aris,

108 2358 239 2410 Succedet
252 2358 332 2425 sama,
347 2359 477 2426 vivusque
489 2375 537 2427 per
549 2375 595 2410 ora
607 2357 722 2426 leretur;
905 2364 955 2412 235

107 2426 170 2495 Nos,
184 2427 268 2496 patria
280 2428 388 2496 amissa,
401 2427 517 2480 dominis
528 2445 621 2496 parere
634 2428 756 2497 superbis

108 2497 246 2566 Cogemur,
260 2497 305 2565 qui
319 2514 390 2550 nunc
401 2497 467 2550 lenti
479 2497 648 2550 consedimus
660 2497 750 2550 arvis.²

142 2566 253 2619 Talibus
263 2568 373 2619 incensa
385 2575 425 2618 est
437 2565 566 2636 juvenum
579 2567 711 2620 sententia
723 2565 803 2618 dictis

107 2635 167 2686 Jam
180 2639 267 2703 magis
278 2647 358 2704 atque
371 2637 464 2703 magis,
478 2637 611 2705 serpitque
624 2654 671 2705 per
682 2636 790 2703 agmina
801 2651 937 2702 murmur3

107 2704 160 2770 lpsi
173 2704 318 2756 Laurentes
331 2705 426 2756 mutati
439 2705 542 2772 ipsique
554 2706 649 2756 Latini.
905 2709 955 2757 240

108 2772 160 2829 Qui
172 2773 221 2824 sibi
234 2772 291 2840 jam
304 2773 423 2842 requiem
437 2790 542 2841 pugnae
556 2773 688 2841 rebusque
701 2771 816 2825 salutem

108 2840 260 2911 sperabant,
275 2859 345 2893 nunc
357 2859 430 2893 arma
443 2842 541 2911 volunt,
554 2840 703 2910 foedusque
715 2849 857 2909 precantur

107 2909 248 2979 Infectam,
263 2917 290 2962 et
302 2911 383 2963 Turni
397 2920 494 2962 sortem
508 2912 665 2963 miserantur
677 2909 805 2979 iniquam.

108 2980 157 3032 His
168 2980 241 3033 aliud
255 2979 342 3049 majus
353 2981 368 3033 J
371 2989 464 3032 uturna
476 2979 604 3050 adjungit,
621 2989 648 3032 et
659 2979 713 3032 alto

68 3095 120 3139 216.
143 3091 233 3140 Videri.
271 3092 403 3140 Historioal
418 3091 543 3140 infinitiva.
582 3092 680 3150 Zumpt,
699 3091 712 3144 0
729 3095 879 3140 ssa-224.
895 3091 954 3141 For·

40 3166 99 3199 mam
108 3154 250 3200 assimulata
258 3169 269 3208 ;
288 3152 328 3198 the
340 3152 477 3198 accusative
494 3153 521 3199 of
534 3151 671 3199 limitation.
706 3151 817 3207 Camerti,
830 3167 854 3199 x.
867 3154 953 3199 562.-

40 3212 91 3257 232.
108 3210 203 3258 Fatalis
220 3227 300 3258 seems
316 3227 331 3258 a
341 3227 411 3258 sneer
427 3221 450 3258 at
467 3211 508 3258 the
521 3210 656 3266 Etruriaus,
671 3211 726 3258 who
742 3211 815 3258 dared
831 3222 872 3259 not
884 3226 955 3259 move

40 3268 77 3323 uu
92 3269 155 3317 their
165 3269 231 3317 l'ated
248 3270 328 3318 leader
339 3269 427 3318 should
443 3285 530 3329 appear
542 3270 599 3326 (viii.
611 3272 673 3324 498).
706 3270 804 3318 Etruria
815 3286 866 3318 was
882 3269 955 3318 notet

40 3326 75 3376 lor
91 3338 129 3436 rted
138 3328 252 3435 religiops
268 3329 334 3377 ritas.
366 3328 459 3378 Manus
477 3331 509 3390 by
522 3329 562 3377 the
579 3328 743 3378 arsis-233.
760 3329 868 3388 Alterni,
881 3341 954 3391 every

40 3402 113 3437 accon
140 3403 221 3436 mano
247 3404 283 3437 ns.
