2078 3622
454 183 545 223 LIBER
565 183 605 224 IX.

133 312 170 368 Ut
182 312 246 381 fera,
260 327 338 381 quae,
352 311 436 363 densa
448 321 595 366 venantum
607 320 684 381 septa
696 328 799 382 corona,

133 383 230 434 Contra
242 381 297 432 tela
309 380 378 449 furit,
393 397 506 449 seseque
520 381 592 435 haud
606 382 698 434 nescia
710 383 787 435 morti

133 451 220 519 Injicit
233 458 260 502 et
273 449 343 502 saltu
356 467 435 518 supra
447 450 581 503 venabula
593 452 683 519 fertur,

133 520 212 572 Haud
224 519 302 571 aliter
311 517 418 587 juvenis
429 520 534 572 medios
546 522 687 573 moriturus
698 520 725 572 in
738 519 823 573 hostis

133 590 220 656 Irruit,
234 597 269 657 et,
283 605 336 656 qua
348 589 403 640 tela
415 589 489 640 videt
501 589 670 658 densissima,
684 589 778 642 tendit.
933 592 984 642 555

132 660 169 711 At
181 658 294 726 pedibus
306 658 386 725 longe
399 658 493 710 melior
505 657 596 726 Lycus
607 660 675 711 inter
687 668 714 711 et
727 659 810 712 hostis

132 727 204 779 Inter
218 735 245 778 et
257 744 333 778 anna
345 727 410 794 luga
422 743 512 779 muros
526 736 607 796 tenet,
620 727 729 796 altaque
742 737 826 781 certat

133 797 269 848 Prendere
282 803 353 848 tecta
365 813 448 849 manu
461 797 619 865 sociumque
631 798 761 864 attingere
773 799 890 851 dextras.

133 864 222 924 Quem
234 866 349 931 Turnus,
363 865 462 933 pariter
474 883 553 919 eursu
566 867 673 935 teloque
686 876 802 935 secutus,

132 934 255 1003 Increpat
267 934 310 987 his
322 935 421 987 victor:
443 936 602 988 ‘Nostraene
614 935 737 1015 evadere,
751 936 871 1005 demens,
930 938 982 988 560

133 1003 248 1072 Sperasti
262 1011 288 1055 te
300 1021 378 1073 posse
390 1006 515 1058 manusl’
536 1005 615 1058 simul
628 1006 717 1074 arripit
730 1023 818 1075 ipsum

131 1072 306 1143 Pendentem,
320 1083 347 1126 et
360 1091 457 1141 magna
468 1075 538 1127 muri
550 1092 612 1127 cum
624 1082 698 1144 parte
712 1074 830 1128 revellit:

131 1141 224 1200 Qualis
236 1142 281 1194 ubi
293 1155 340 1195 aut
352 1142 469 1211 leporem
481 1152 527 1195 aut
539 1144 665 1197 candenti
677 1160 784 1212 corpore
796 1159 915 1212 cycnum

131 1210 243 1263 Sustulit
255 1211 311 1264 alta
322 1221 418 1281 petens
429 1212 544 1281 pedibus
555 1213 628 1265 Jovis
640 1213 756 1280 armiger
769 1213 850 1281 uncis,

132 1280 289 1337 Quaesitum
301 1289 347 1332 aut
359 1281 440 1333 matri
452 1281 544 1333 multis
556 1280 691 1334 balatibus
701 1297 801 1348 agnum
930 1283 981 1334 565

131 1349 247 1401 Martius
259 1367 276 1400 a
288 1349 400 1401 stabulis
412 1350 498 1417 rapuit
511 1349 598 1418 lupus.
637 1351 763 1418 Undique
776 1350 877 1402 clamor

131 1418 245 1470 Tollitur
252 1435 259 1486 3
279 1418 409 1469 invadunt
422 1427 450 1469 et
463 1418 549 1470 fossas
561 1435 659 1486 aggere
672 1419 808 1488 complent
816 1435 824 1487 3

48 1523 50 1528 .
130 1487 258 1539 Ardentis
271 1487 365 1543 taedas
376 1486 421 1538 alii
433 1487 467 1540 ad
479 1487 585 1554 fastigia
595 1487 705 1556 jactant.

130 1556 247 1609 Ilioneus
259 1573 322 1609 saxo
334 1565 415 1625 atque
428 1557 530 1624 ingenti
542 1557 674 1624 fragmine
685 1557 783 1610 montis

130 1624 279 1695 Lucetium,
293 1635 384 1694 portae
398 1626 560 1679 subeuntem
572 1627 695 1695 ignisque
708 1627 848 1697 ferentem,
928 1629 981 1678 570

130 1694 291 1747 Emathiona
303 1696 389 1765 Liger,
403 1697 452 1748 Cor
472 1712 570 1749 naeum
583 1696 674 1749 sternit
685 1696 783 1765 Asilas,

130 1763 181 1815 llic
191 1763 280 1832 jaculo
293 1765 384 1831 bonus,
398 1764 442 1817 hic
453 1713 532 1832 longe
545 1764 654 1819 fallente
667 1766 781 1833 sagitta3

116 1874 118 1877 .
130 1833 268 1902 Ortygium
282 1834 411 1901 Caeneus,
426 1834 554 1885 victorem
567 1834 674 1886 Caenea
685 1835 799 1902 Turnus,

130 1901 236 1953 Turnus
247 1902 319 1969 Itym
332 1901 517 1970 Cloniumque,
531 1903 693 1971 Dioxippum
705 1902 919 1971 Promolumque,

130 1970 164 2022 Et
177 1970 297 2037 Sagarim
311 1978 337 2021 et
350 1971 463 2022 summis
474 1979 592 2022 stantem
603 1988 649 2040 pro
662 1970 777 2023 turribus
788 1971 852 2023 Idan
860 1987 868 2039 3
928 1972 979 2022 575

130 2039 288 2091 Privernum
300 2040 397 2107 Capys.
433 2039 512 2091 Hunc
523 2039 609 2106 primo
621 2039 689 2091 levis
700 2039 777 2091 hasta
788 2038 939 2093 Themillae

129 2107 289 2160 Strinxerat:
309 2108 354 2159 ille
368 2123 477 2158 manum
489 2107 605 2176 projecto
619 2109 739 2175 tegmine
751 2108 865 2161 demens

129 2177 173 2229 Ad
185 2178 284 2229 vulnus
298 2176 372 2244 rulit3
390 2192 452 2244 ergo
464 2177 514 2228 alis
525 2176 627 2244 allapsa
638 2177 736 2244 sagitta

130 2247 164 2299 Et
177 2246 253 2297 laevo
267 2246 348 2298 infixa
360 2253 402 2297 est
414 2245 489 2296 lateri
503 2262 606 2314 manus,
619 2246 764 2314 abditaque
777 2246 850 2299 intus

129 2315 298 2383 Spiramenta
309 2314 415 2366 animae
427 2313 500 2366 letali
512 2313 622 2367 vulnere
635 2315 713 2384 rupit.
928 2319 979 2370 580
998 2318 1001 2323 “

128 2383 219 2436 Stabat
231 2384 257 2436 in
271 2385 385 2452 egregiis
397 2383 520 2436 Arcentis
532 2384 603 2437 filius
614 2385 705 2454 armis,

128 2453 219 2506 Pietus
231 2469 282 2506 acu
295 2453 467 2522 chlamydem
481 2463 507 2505 et
520 2453 653 2522 ferrugine
666 2454 755 2508 clarus
767 2453 873 2525 Hibera,

128 2522 242 2589 Insignis
254 2522 330 2591 facie,
344 2523 448 2591 genitor
459 2539 542 2591 quem
554 2525 663 2576 miserat
675 2526 786 2590 Arcens,

130 2591 266 2644 Eduotum
278 2597 371 2645 matris
384 2593 444 2645 luco
457 2593 612 2662 Symaethia
624 2595 727 2646 circum

129 2660 259 2729 Flumina,
273 2662 379 2730 pinguis
391 2661 437 2714 ubi
449 2670 476 2713 et
488 2662 629 2729 placabilis
639 2680 687 2715 ara
699 2662 796 2714 Palici:
832 2699 834 2702 ψ
926 2664 977 2714 585

128 2728 287 2782 Stridentem
301 2730 412 2783 lundam
425 2731 516 2798 positis
529 2731 683 2783 Mezentius
694 2729 780 2782 hastis

128 2798 189 2866 Ipse
202 2807 241 2850 ter
252 2799 369 2851 adducta
380 2800 480 2851 circum
494 2809 573 2867 caput
586 2799 640 2866 egit
653 2798 766 2863 habena,

128 2867 163 2920 Et
175 2867 266 2920 media
277 2869 383 2921 adversi
395 2868 539 2936 liquefacto
553 2877 673 2936 tempora
685 2867 795 2936 plumbo

128 2936 238 3006 Diffidit,
251 2953 283 2989 ac
295 2938 379 2990 multa
392 2946 543 3006 porrectum
554 2936 675 2989 extendit
686 2953 775 2989 arena.

162 3006 233 3058 Turn
246 3007 362 3075 primum
374 3007 445 3058 bello
458 3007 575 3058 celerem
589 3006 733 3058 intendisse
746 3005 872 3074 sagittam
927 3009 979 3058 500

86 3112 140 3166 554.
152 3114 221 3166 Jovis
232 3120 343 3179 armiger,
357 3117 444 3175 aquila.
452 3121 543 3164 -566.
555 3117 666 3164 Martius
678 3119 758 3178 lupus.
790 3116 846 3164 The
857 3115 920 3164 wolf
927 3131 978 3164 was

57 3176 143 3227 noted
153 3185 179 3225 to
190 3176 266 3224 Mars.
299 3178 346 3224 See
357 3177 406 3223 viii.
419 3180 471 3223 631.
479 3180 569 3231 -570,
587 3175 712 3224 Lucetium
722 3175 914 3223 sternit-571.
934 3173 977 3221 Oo-

149 3252 180 3283 m.
212 3235 259 3283 See
274 3236 504 3282 stotzas-572.
523 3235 571 3282 Hic
587 3235 668 3294 Liger,
682 3237 718 3282 lrr'o
729 3233 829 3293 Asylas.
860 3232 977 3281 Fallerrte.

103 3304 141 3351 ¹ut
153 3294 185 3343 iv.
197 3297 236 3350 96,
250 3309 273 3341 x.
285 3295 436 3342 usu-584.
454 3293 594 3353 Symaethus
607 3310 657 3341 was
673 3309 687 3340 a
703 3293 767 3341 river
782 3292 807 3338 in
821 3290 864 3338 tha
880 3299 932 3359 east
948 3290 977 3340 of

57 3352 144 3423 Sicily,
160 3368 220 3403 near
236 3353 404 3401 urna-sss.
427 3351 514 3400 Palici.
548 3351 603 3400 Ono
624 3351 652 3399 of
669 3362 719 3400 two
740 3349 860 3407 brothers,
879 3348 978 3403 Smillan

42 3410 154 3485 ‘mss
