2086 3622
371 161 464 202 nmen
484 163 549 204 vrri.
857 149 915 204 82³

70 289 219 360 Insequitur
226 307 233 360 3
252 305 301 343 nos
312 290 334 343 si
346 289 455 360 pellant,
468 289 534 343 nihil
546 290 618 343 alore
631 290 750 360 credunt,

70 360 140 418 Quin
153 376 261 413 omnem
273 359 429 428 Hesperiam
442 361 547 428 penitus
559 377 607 411 sua
619 361 668 411 sub
679 360 744 428 juga
756 358 868 428 mittant,

71 429 106 481 Et
118 445 191 480 mare
204 429 273 498 qnod
287 445 373 497 supra,
387 437 502 496 teneant,
516 429 640 497 quodque
652 429 727 480 alluit
740 428 780 480 inl
811 466 816 480 .

70 498 172 566 Accipe
184 498 272 567 daque
285 497 376 550 fidem.
412 498 736 550 Suntnobislortiabello
868 500 915 547 150

70 567 188 636 Pectora,
203 576 263 620 sunt
275 567 357 618 animi
370 575 396 618 et
409 566 489 618 rebus
501 575 620 635 spectata
631 567 776 636 juventus.²

70 636 179 688 Dixerat
192 639 307 689 Aeneas.
344 635 392 688 Ille
405 652 435 685 55
447 635 590 702 oculosque
603 637 736 704 loquentis

69 705 235 758 Jamdudum
248 713 274 756 et
286 711 372 755 totum
385 703 513 755 lustrabat
526 703 625 757 lumine
639 722 742 774 corpus.

70 774 141 825 Tum
154 775 194 825 sic
206 789 292 841 pauca
304 771 399 823 refert:
422 773 472 825 ‘Ut
488 781 523 841 te,
536 773 678 826 fortissime
690 776 834 841 Teucrum,

70 842 181 909 Accipio
193 857 361 909 agnoscoque
374 840 476 894 libens!
497 849 525 893 ut
539 843 620 894 verba
632 842 749 911 parentis
868 843 915 892 155

70 911 105 962 Et
116 927 211 963 vocem
223 909 358 962 Anchisae
371 910 461 978 magni
473 911 628 980 voltumque
642 909 777 963 recordor!

69 979 141 1032 Nam
154 978 265 1031 memini
278 978 410 1031 Hesionae
423 980 554 1032 visentem
568 997 648 1048 regna
661 981 755 1032 sororis

69 1047 314 1100 Laomedontiaden
326 1049 470 1115 Priamum,
484 1048 619 1101 Salamina
632 1058 776 1118 petentem,

69 1117 199 1169 Protenus
210 1117 341 1169 Arcadiae
354 1117 456 1184 gelidos
468 1118 581 1169 invisere
593 1119 663 1170 finis.

69 1185 140 1238 Tum
152 1185 219 1237 mihi
231 1186 316 1255 prima
327 1203 410 1253 genas
421 1186 536 1238 vestibat
550 1186 613 1238 flore
625 1186 748 1254 juventa3
866 1185 915 1235 160

69 1254 239 1322 Mirabarque
251 1254 334 1306 duces
346 1255 470 1322 Teucros,
484 1254 598 1306 mirabar
609 1266 636 1305 et
648 1255 737 1322 ipsum

70 1322 331 1389 Laomedontiaden,
350 1323 397 1374 sed
409 1323 513 1374 cunctis
524 1323 600 1374 altior
612 1323 667 1375 ibat

69 1392 211 1444 Anchises.
247 1390 317 1444 Mihi
329 1407 407 1444 mens
418 1391 535 1460 juvenali
547 1391 656 1444 ardebat
668 1406 759 1442 amore

69 1460 235 1531 Compellare
247 1460 342 1529 virum,
356 1469 383 1513 et
395 1460 504 1512 dextrae
517 1459 678 1529 conjungere
690 1460 828 1527 dextram3

69 1530 189 1598 Accessi,
202 1537 229 1581 et
241 1529 353 1598 cupidus
365 1530 468 1582 Phenei
479 1530 529 1583 sub
541 1531 646 1582 moenia
658 1529 731 1582 duxi.
867 1529 915 1579 165

67 1598 189 1653 Illemihi
201 1598 336 1666 insignem
347 1598 500 1666 pharetram
512 1599 662 1668 Lyciasque
675 1598 785 1666 sagittas

68 1669 218 1721 Discedens
229 1666 457 1736 chlamydemque
469 1685 533 1720 auro
545 1668 620 1720 dedit
632 1668 802 1720 intertextam

68 1737 208 1806 Frenaque
220 1736 291 1806 bina,
304 1753 383 1789 meus
394 1753 463 1814 quae
476 1754 546 1789 nunc
558 1737 647 1804 habet,
660 1753 748 1804 aurea,
762 1704 859 1787 Pallas.

67 1806 139 1874 Ergo
151 1814 185 1875 et,
199 1822 279 1874 quam
292 1806 390 1874 petitis,
403 1814 495 1873 Juncta
507 1815 547 1858 est
560 1805 625 1858 mihi
637 1804 745 1858 foedere
757 1803 857 1873 dextra,

69 1875 112 1943 Et,
125 1874 171 1927 lux
183 1891 246 1926 cnm
258 1875 375 1942 primum
386 1874 462 1926 terris
473 1891 502 1925 se
515 1875 629 1927 crastina
641 1874 742 1942 reddet,
867 1873 917 1922 170

69 1943 175 1996 Auxilio
188 1943 272 1995 laetos
283 1942 426 2011 dimittam,
440 1941 588 2011 opibusque
599 1940 706 2011 juvabo.

68 2011 173 2065 Interea
184 2028 260 2064 sacra
271 2009 347 2074 haec,
361 2011 466 2079 quando
479 2009 532 2063 huc
544 2011 654 2063 venistis
665 2010 754 2078 amici,

68 2082 173 2148 Annua,
187 2096 256 2149 quae
268 2078 374 2133 differre
387 2078 470 2148 nefas,
484 2078 617 2134 celebrate
629 2079 750 2131 faventes
833 2120 836 2125 .

68 2149 223 2216 Nobiscum,
237 2158 264 2200 et
275 2147 331 2216 jam
343 2164 414 2201 nunc
426 2146 558 2200 sociorum
570 2147 721 2201 adsuescite
734 2143 852 2199 mensis!

102 2218 177 2270 Haec
189 2217 235 2271 ubi
248 2216 326 2286 dicta,
340 2218 424 2285 dapes
433 2216 509 2286 jubet
522 2225 549 2269 et
562 2216 666 2270 sublata
679 2217 768 2285 reponi
865 2215 914 2266 175

68 2287 175 2354 Pocula,
187 2286 378 2355 gramineoque
391 2287 461 2338 viros
472 2285 542 2338 locat
554 2287 612 2355 ipse
624 2285 711 2356 sedili,

68 2356 300 2425 Praecipuumque
313 2363 367 2408 toro
380 2363 406 2408 et
419 2354 505 2408 villosi
518 2355 588 2425 pelle
601 2355 686 2408 leonis

67 2426 173 2495 Accipit
185 2427 305 2495 Aenean,
319 2424 438 2493 solioque
450 2424 544 2477 inritat
555 2441 661 2477 5551115.

67 2495 139 2548 Turn
150 2494 213 2548 lecti
224 2493 338 2564 juvenes
349 2494 470 2551 certatim
481 2511 598 2564 arasque
611 2491 735 2546 sacerdos

66 2563 177 2617 Viscera
188 2572 258 2618 15515
269 2565 357 2617 lerunt
369 2573 513 2632 taurorum,
526 2575 689 2631 onerantque
701 2558 822 2613 canistris
866 2561 916 2611 180

66 2631 142 2685 Dona
155 2633 287 2686 laboratae
299 2633 411 2700 Cereris,
425 2630 615 2701 Bacchumque
627 2631 785 2683 ministrant.

66 2700 190 2753 Vescitur
201 2704 309 2754 Aeneas
321 2701 400 2754 simul
412 2711 440 2753 et
451 2700 565 2752 Tro'ana
576 2699 702 2768 juventus

53 2787 56 2792 ·
67 2769 192 2836 Perpetui
206 2777 279 2836 tergo
292 2770 368 2820 bovis
380 2777 406 2820 et
419 2768 502 2820 lustra
513 2769 574 2820 ibus
585 2767 662 2819 extis.

22 2881 45 2931 ‚³⁰
64 2876 88 2914 51
106 2865 147 2913 vii.
164 2868 300 2935 56.7ll9.
322 2864 402 2918 Mare,
423 2868 485 2924 quod
503 2864 619 2912 alluitur
638 2879 683 2919 ra;
703 2862 771 2930 Mare
790 2875 914 2920 superum.

22 2922 592 3054 rtrnrtlrtttrrtrr.traferri.
625 2931 712 3050 55
724 2936 755 3028 r
763 2918 914 3049 51515.

22 3041 196 3110 ’5515115515151
211 3041 240 3090 os
253 3040 343 3096 Pham,
356 3040 460 3108 married
475 3049 501 3088 15
512 3040 643 3110 Telamon,
656 3040 716 3099 kmg
731 3038 760 3086 os
772 3038 915 3106 Sciamu-

22 3100 178 3230 51111111
186 3100 321 3207 ‘hert
328 3098 915 3228 terrenitates,malms

22 3300 26 3311 ,
59 3236 89 3266 ue
99 3227 209 3290 caganus.
238 3218 284 3266 See
296 3228 320 3265 51
331 3233 372 3264 vu.
381 3216 644 3310 815.-169,-1.111111,·5
654 3231 711 3286 me..
726 3215 824 3272 Zumpt,
838 3212 913 3318 §gob

29 3274 915 3405 1511115.15511515115111151515151,

22 3392 150 3457 mficatory
160 3393 276 3444 sacrifice.
