2078 3622
442 165 535 203 trusa
554 164 595 203 tv.

125 293 246 347 Forsitan
258 301 292 361 et,
307 291 413 361 pinguis
425 292 513 344 hortos
525 309 595 360 quae
607 308 671 343 cura
683 291 788 344 colendi

125 365 242 430 Ornaret,
256 379 389 429 canerem,
404 362 535 430 biferique
549 361 646 413 rosaria
659 361 755 429 Paesti,

125 433 236 500 Quoque
249 431 327 484 modo
341 433 408 499 potis
422 432 569 499 gauderent
583 429 674 483 intuba
687 431 751 482 rivis
929 436 978 484 12⁰

125 502 160 555 Et
172 501 271 553 virides
283 502 343 570 apio
357 501 437 569 ripae,
449 510 584 569 tortusque
597 517 644 568 per
656 498 768 552 herbam

126 571 263 623 Cresceret
277 572 302 622 in
315 581 439 622 ventrem
451 571 589 636 cucumis,
608 586 658 621 nec
671 586 730 620 sera
743 578 896 623 comantem

125 642 282 693 Narcissum
294 647 340 691 aut
353 640 416 691 flexi
429 640 572 692 tacuissem
582 638 674 691 vimen
686 639 801 708 acanthi,

125 709 307 778 Pallentisque
319 709 434 761 hederas
446 719 472 760 et
485 708 601 760 amantis
613 708 689 761 litora
701 720 811 777 myrtos.

124 779 250 847 Namque
263 779 313 831 sub
325 778 452 831 Oebaliae
465 777 576 830 memini
589 795 634 829 me
646 777 763 830 turribus
775 779 845 849 altis,
928 785 976 834 125

125 848 184 906 Qua
196 849 272 916 niger
284 847 422 900 humectat
435 848 561 900 flaventia
574 847 646 899 culta
657 847 796 919 Galaesus,

126 917 267 986 Corycium
281 917 380 969 vidisse
394 934 495 984 senem,
509 917 552 969 cui
566 934 653 986 panca
665 917 751 970 relicti

124 987 224 1054 Jugera
237 987 302 1038 ruris
315 997 397 1056 erant,
412 1005 462 1039 nec
474 986 568 1038 fertilis
580 986 625 1038 illa
635 986 766 1056 juvencis,

125 1057 185 1108 Nec
197 1056 286 1124 pecori
298 1066 445 1124 opportuna
458 1073 543 1126 seges,
557 1073 607 1108 nec
620 1056 762 1110 commoda
773 1057 889 1112 Baccho.

125 1125 175 1177 Hic
188 1143 276 1178 rarum
291 1136 380 1178 tamen
393 1127 420 1178 in
432 1125 521 1178 dumis
532 1125 592 1177 olus
602 1127 718 1195 albaque
730 1129 832 1180 circum
928 1133 977 1182 130

125 1195 193 1247 Lilia
205 1195 389 1264 verbenasque
402 1212 528 1264 premens
541 1212 704 1264 vescumque
717 1212 842 1267 papaver,

124 1265 230 1332 Regum
242 1264 376 1333 aequabat
389 1281 454 1332 opes
466 1266 563 1332 animo,
575 1280 687 1332 seraque
701 1274 838 1319 revertens

125 1335 212 1386 Nocte
224 1333 335 1386 domum
348 1333 464 1402 dapibus
476 1350 584 1385 mensas
596 1333 721 1386 onerabat
735 1335 871 1405 inemptis.

125 1403 231 1455 Primus
243 1420 305 1455 vere
319 1420 414 1472 rosam,
428 1412 509 1472 atque
521 1410 666 1454 auctumno
678 1420 787 1472 carpere
799 1422 888 1476 poma,

126 1473 161 1525 Et
173 1489 235 1525 curn
249 1474 330 1525 tristis
342 1473 430 1526 hiems
442 1475 592 1524 etiamnum
604 1471 700 1540 frigore
713 1489 778 1525 saxa
929 1480 977 1529 135

124 1542 269 1610 Rumperet
282 1551 308 1594 et
321 1542 407 1609 glacie
420 1559 514 1595 cursus
526 1542 642 1594 frenaret
654 1559 793 1614 aquarum,

124 1611 174 1663 Ille
186 1629 293 1663 comam
304 1612 392 1663 mollis
403 1610 459 1681 jam
472 1611 597 1664 tondebat
610 1611 755 1682 hyacinthi,
785 1643 788 1649 ·

125 1684 265 1734 Aestatem
279 1681 439 1750 increpitans
452 1699 539 1735 seram
552 1680 737 1751 zephyrosque
749 1685 887 1737 morantis.

126 1751 196 1819 Ergo
208 1751 303 1820 apibus
316 1750 377 1803 letis
390 1750 463 1804 idem
476 1760 558 1820 atque
571 1751 694 1804 examine
708 1751 792 1805 multo

125 1820 231 1873 Primus
242 1820 387 1889 abundare,
401 1828 428 1872 et
442 1822 593 1890 spumantia
605 1838 701 1888 eogere
714 1823 813 1892 pressis
929 1827 978 1877 110

126 1890 211 1942 Mella
224 1890 308 1960 lavis,
328 1891 365 1943 illi
380 1890 454 1943 tiliae
466 1899 548 1959 atque
561 1891 696 1943 uberrima
708 1893 787 1960 pinus
795 1909 803 1961 3

126 1959 249 2028 Quotque
262 1961 287 2013 in
300 1962 364 2013 11010
377 1976 445 2014 11010
458 1959 545 2028 pomis
558 1977 587 2011 se
600 1959 696 2012 fertilis
707 1961 787 2014 arbos

126 2028 259 2097 Induerat,
274 2030 385 2082 totidem
396 2038 525 2082 autumno
538 2038 642 2081 matura
656 2030 774 2082 tenebat.

126 2097 174 2149 Ille
188 2099 271 2149 etiam
283 2115 355 2149 seras
368 2099 394 2150 in
407 2115 516 2150 versum
528 2097 631 2150 distulit
644 2098 738 2166 ulmos,
835 2157 838 2162 ,

127 2166 300 2234 Eduramque
312 2167 408 2245 pirum,
423 2176 450 2220 et
462 2185 475 2219 s
496 2167 553 2219 inos
562 2166 621 2236 jam
632 2183 717 2237 pruna
730 2167 846 2238 serentis,
930 2173 978 2225 115

127 2236 241 2304 Jamque
253 2236 449 2289 ministrantem
461 2184 600 2305 platanum
612 2236 765 2306 potantibus
779 2237 897 2292 umbras.

126 2305 227 2358 Verum
239 2304 308 2358 haec
321 2306 379 2376 ipse
392 2307 520 2387 equidem
533 2306 626 2376 spatiis
638 2307 764 2361 exclusus
776 2308 875 2377 iniquis

127 2373 277 2444 Praetereo,
290 2384 372 2445 atque
383 2375 444 2429 alris
456 2383 514 2446 post
526 2393 571 2428 me
583 2377 759 2443 memoranda
771 2377 899 2447 relinquo.

160 2443 240 2496 Nunc
252 2461 311 2514 age,
324 2454 432 2498 naturas
443 2445 540 2515 apibus
551 2461 619 2514 quas
630 2445 752 2516 Juppiter
764 2447 822 2516 ipse

126 2512 410 2585 Addidityexpediam,
424 2532 469 2584 pro
482 2531 535 2584 qua
546 2514 682 2585 mercede,
696 2530 807 2570 canoros
931 2521 979 2570 150

127 2582 254 2635 Curetum
267 2585 368 2638 sonitus
379 2584 589 2655 crepitantiaque
602 2601 665 2637 aera
678 2594 795 2656 secutae,

126 2652 238 2705 Dictaeo
250 2654 318 2706 caeli
330 2655 432 2723 Regem
443 2670 542 2725 pavere
554 2653 605 2706 sub
617 2662 701 2706 antro.

126 2721 203 2774 Solae
215 2725 366 2777 communis
378 2733 460 2794 natos,
474 2723 605 2776 consortia
617 2730 690 2775 tecta
738 2743 740 2748 ⁴

126 2791 207 2844 Urbis
218 2791 325 2862 habent,
338 2794 497 2862 magnisque
509 2793 611 2860 agitant
624 2792 675 2845 sub
687 2791 792 2860 legibus
804 2809 909 2862 aevum,

128 2861 163 2913 Et
175 2861 288 2930 patriam
300 2862 373 2914 solae
385 2871 412 2915 et
425 2871 512 2915 certos
523 2878 621 2913 novere
634 2861 755 2931 penatis,
931 2867 978 2915 155

127 2929 316 2998 venturaeque
329 2932 426 2984 hiemis
437 2946 573 2984 memores
585 2938 688 2983 aestate
699 2929 821 2982 laborem

127 3000 313 3069 Experiuntur,
328 3008 354 3052 et
368 3002 393 3052 in
407 2999 528 3052 medium
541 2999 663 3068 quaesita
675 3007 814 3068 reponunt.

126 3069 252 3136 Namque
264 3069 333 3120 aliae
346 3070 418 3122 victu
432 3068 571 3135 invigilant
584 3076 610 3121 et
623 3068 731 3120 loedere
744 3078 822 3137 pacto

127 3139 293 3191 Exercentur
304 3139 389 3206 agris,
407 3155 469 3207 pars
481 3138 549 3190 intra
561 3145 637 3207 septa
649 3136 788 3191 domorum

39 3259 44 3265 ¹
87 3290 200 3336 tat-148.
218 3289 243 3334 A
259 3286 406 3345 description
421 3286 450 3333 01
461 3286 563 3346 ground,
581 3286 711 3333 otherwise
727 3285 832 3341 useless,
851 3283 978 3344 profitable

50 3360 85 3397 01
104 3363 120 3396 11
139 3346 239 3452 quiden.
251 3369 282 3379 -
294 3348 406 3394 149-157.
424 3345 480 3392 The
497 3345 603 3404 peculier
624 3355 708 3392 nature
725 3345 754 3392 of
770 3346 830 3390 bees
850 3343 977 3394 described

56 3419 147 3469 0011010
200 3407 352 3453 -158-178.
371 3403 448 3452 Their
458 3403 581 3452 cesseless
593 3402 639 3450 and
650 3403 733 3450 varied
743 3401 930 3461 employmeot's.

157 3404 190 3465 ly.

166 3469 197 3517 to
