2086 3622
388 171 482 214 arnan
501 173 545 214 111.
872 148 926 213 tut

71 303 236 374 Lappaeque
248 299 388 371 tribulique
400 300 490 355 absint
497 317 504 370 ;
523 300 587 370 fuge
599 299 698 382 pabula
709 299 797 372 laeta5
875 305 927 355 ³85

69 372 255 442 Continuoque
266 388 363 441 greges
374 370 446 425 villis
458 371 518 440 lege
530 371 658 426 mcllrbus
669 370 754 426 albos.

71 443 151 498 lllurn
164 451 264 512 autern,
277 441 402 511 quamvis
414 442 483 494 aries
495 441 529 494 sit
541 441 672 496 candidus
683 441 750 513 ipse,

71 514 155 581 Nigra
166 511 258 566 subest
270 512 324 564 udo
336 519 440 566 tanturn
453 511 497 565 cui
510 510 599 580 lingua
610 511 707 582 palato,

70 583 172 652 Rejice,
185 598 220 634 ne
231 580 348 634 maculis
360 580 476 634 infuscet
488 580 589 634 vellera
601 580 682 652 pullis

70 654 247 720 Nascentum,
260 651 393 720 plenoque
405 650 490 704 alium
501 651 677 730 circumspice
689 667 794 720 campo.
874 658 926 711 390

70 723 185 775 Munere
198 721 238 774 sic
250 721 328 772 niveo
340 719 426 790 lanae,
440 720 463 774 si
474 719 584 773 credere
596 720 709 789 drgnum
720 730 769 792 est,

71 793 135 860 Pan,
149 789 217 843 deus
229 789 369 858 Arcadiae,
383 800 490 860 captam
503 797 537 860 te,
551 790 634 861 Luna,
648 789 751 859 fefellit,

70 861 101 914 In
114 877 224 914 nemora
235 858 290 912 alta
301 875 418 930 vocans,
436 877 487 912 nec
500 871 528 912 tu
540 867 681 930 aspernata
693 868 845 916 vocantem.

106 934 141 984 At
153 930 196 982 cui
209 929 286 982 lactis
297 945 378 999 amor,
392 930 508 999 cytisum
522 929 642 999 lotosque
654 928 695 982 fre
715 931 802 986 uentis

70 1000 131 1069 lpse
145 1016 225 1052 manu
239 998 376 1068 salsasque
388 998 455 1052 serat
467 999 641 1079 praesepibus
653 999 702 1052 her
737 1018 759 1053 s.
872 1007 923 1058 ³9⁵

71 1071 140 1122 Hinc
153 1078 180 1121 et
192 1077 283 1122 amant
296 1068 496 1138 fluvios‘magrs,
511 1080 538 1121 et
550 1069 637 1138 magis
649 1068 735 1123 ubera
748 1069 870 1145 tendunt,

71 1140 105 1193 Et
118 1139 183 1192 salis
194 1138 330 1191 occultum
343 1137 460 1192 referunt
473 1139 499 1191 in
511 1137 581 1191 lacte
594 1155 725 1208 saporem.

70 1209 150 1262 Multi
162 1207 217 1278 jam
231 1216 353 1261 excretos
365 1207 505 1277 prohibent
517 1224 534 1259 a
546 1207 677 1261 matribus
688 1207 798 1280 haedos,

69 1280 212 1348 Primaque
225 1277 329 1329 ferratis
340 1277 490 1345 praefigunt
503 1292 548 1328 ora
560 1277 691 1347 capistris.

70 1349 147 1408 Quod
160 1355 286 1414 surgente
298 1345 343 1399 die
355 1345 473 1398 mulsere
485 1344 611 1426 horisque
624 1345 732 1417 diurnis,
870 1355 923 1406 40⁰

69 1420 155 1472 Nocte
167 1423 292 1487 premunt
299 1431 308 1485 5
325 1415 396 1485 quod
407 1413 463 1486 jam
476 1414 593 1469 tenebris
604 1423 632 1468 et
645 1417 700 1469 sole
713 1415 835 1492 cadente,

69 1488 125 1542 Sub
137 1488 228 1540 lucem
240 1493 381 1556 exportans
393 1484 506 1539 calathis
518 1485 574 1539 adit
586 1484 684 1556 oppida
695 1496 785 1558 pastor
791 1505 800 1560 5

69 1560 125 1612 Aut
137 1573 216 1626 parco
229 1555 285 1608 sale
297 1558 452 1625 contingunt
465 1555 601 1626 hiemique
615 1565 753 1627 reponunt.

105 1628 164 1681 Nec
176 1626 224 1679 tibi
236 1642 300 1679 cura
312 1643 412 1679 canum
423 1625 502 1679 fuerit
514 1637 655 1696 postrema,
669 1625 717 1680 sed
729 1644 783 1682 una

69 1697 177 1750 Veloeis
188 1696 297 1765 Spartae
310 1695 412 1748 catulos
423 1712 568 1766 acremque
582 1696 730 1751 Molossum
871 1704 922 1754 405

70 1767 155 1819 Pasce
168 1783 226 1818 sero
239 1765 340 1834 pingui.
376 1767 542 1835 Numquam,
555 1765 713 1820 custodibus
726 1767 785 1839 illis,

68 1837 236 1890 Nocturnum
248 1834 360 1887 stabulis
371 1833 385 1886 s
386 1852 460 1887 urem
473 1835 649 1905 incursusque
661 1835 792 1910 luporum,

69 1908 124 1959 Aut
137 1906 284 1973 impacatos
296 1921 312 1954 a
325 1916 397 1972 tergo
411 1903 530 1956 horrebis
541 1904 664 1958 Hiberos.

68 1976 154 2044 Saepe
167 1975 248 2026 etiam
261 1990 341 2025 cursu
352 1972 462 2026 timidos
472 1973 587 2041 agitabis
597 1991 716 2044 onagros,

69 2047 104 2098 Et
116 2043 228 2096 canibus
240 2042 367 2111 leporem,
381 2040 494 2094 canibus
505 2042 640 2094 venabere
652 2042 748 2096 damas
755 2061 764 2114 5
870 2050 922 2100 410

68 2115 155 2182 Saepe
168 2110 314 2164 volutabris
326 2109 417 2181 pulsos
429 2109 596 2164 silvestribus
607 2128 685 2181 apros

69 2185 178 2236 Latratu
191 2180 312 2233 turbabis
324 2197 414 2250 agens,
428 2179 580 2250 montisque
592 2197 640 2251 per
651 2181 719 2234 altos

68 2255 211 2321 Ingentem
223 2250 341 2304 clamore
353 2267 461 2321 premes
472 2249 506 2302 ad
520 2251 586 2304 retia
597 2269 718 2305 cervum,

20 2325 25 2330 '
104 2323 183 2374 Disce
196 2330 223 2374 et
235 2321 372 2374 odoratam
385 2320 498 2374 stabulis
509 2320 657 2375 accendere
670 2323 788 2395 cedrum,

68 2393 260 2461 Galbaneoque
272 2392 373 2460 agitare
384 2391 473 2458 gravis
486 2390 577 2444 nidore
589 2391 650 2445 chel
671 2390 742 2447 drus.
871 2399 922 2450 415

68 2463 154 2531 Saepe
167 2461 218 2514 sub
232 2462 349 2514 immotis
361 2461 535 2531 praesepibus
546 2474 592 2514 aut
604 2410 676 2515 maia
689 2471 762 2517 tactu

69 2533 166 2601 Vipera
179 2531 283 2584 delituit
296 2531 457 2601 caelumque
470 2532 595 2584 exterrita
607 2531 692 2602 lugit3

69 2605 123 2654 Aut
136 2611 207 2654 tecto
220 2602 350 2655 adsuetus
362 2601 472 2655 coluber
484 2601 629 2655 succedere
642 2610 669 2655 ct
681 2602 801 2674 umbrae,

69 2671 156 2724 Pestis
167 2671 264 2724 acerba
277 2671 366 2740 boum,
380 2672 523 2741 pecorique
535 2671 697 2740 adspergere
709 2674 791 2741 virus,

69 2741 144 2794 Fovit
158 2741 279 2794 humum.
304 2741 376 2810 Cape
390 2758 455 2793 saxa
464 2757 553 2808 manu,
563 2757 630 2808 cape
644 2740 743 2811 robora,
754 2750 851 2811 pastor,
870 2747 922 2797 420

69 2811 274 2881 Tollentemque
287 2811 375 2863 minas
387 2818 413 2862 et
426 2808 504 2861 sibila
516 2808 585 2860 colla
597 2818 748 2863 tumentem

69 2879 172 2949 Dejice.
209 2882 325 2949 Jamque
339 2879 402 2946 luga
414 2877 538 2930 timidum
552 2885 631 2946 caput
643 2877 746 2931 abdidit
758 2879 820 2951 alte,

69 2952 137 3004 Cum
149 2949 232 3002 medii
244 2965 331 3001 nexus
343 2956 533 3016 extremaeque
545 2947 654 3016 agmina
666 2947 770 3002 caudae

70 3020 217 3088 Solvuntur,
232 3017 374 3137 tardosque
388 3016 465 3069 trahit
478 3017 553 3070 sinus
566 3016 677 3070 ultimus
688 3018 769 3073 orbis.

71 3091 118 3144 Est
131 3091 212 3141 etiarn
225 3087 270 3140 ille
282 3104 328 3140 ma
340 3103 372 3138 us
383 3085 502 3139 Calabris
513 3087 540 3140 in
553 3087 665 3141 saltibus
676 3090 779 3161 anguis,
869 3094 921 3144 tte

71 3159 205 3228 Squamea
217 3157 379 3210 convolvens
391 3156 496 3209 sublato
508 3166 614 3228 pectore
628 3168 711 3230 terga,

30 3310 146 3359 eet-tm.
162 3306 299 3355 Directions
311 3315 337 3353 to
348 3303 419 3352 those
430 3302 486 3351 who
502 3303 617 3352 cultivate
634 3303 709 3365 sheep
720 3304 757 3353 sor
768 3303 810 3353 the
821 3305 882 3356 sake
892 3305 922 3356 of

16 3369 44 3419 be
60 3367 290 3417 milk-lul-ssss.
308 3365 364 3413 The
380 3377 435 3411 care
451 3360 499 3410 and
514 3377 572 3412 uses
588 3362 616 3410 os
632 3362 865 3425 dogs.-llt·439.
882 3364 923 3415 'l'u

16 3442 98 3480 enare
105 3423 268 3538 paramenta.
