2078 3622
441 189 535 230 LIBER
555 190 598 231 111.

126 317 269 388 Farraque,
282 334 317 371 ne
330 317 428 372 blando
440 326 557 387 nequeat
570 334 710 387 superesse
723 319 815 391 labori,

126 388 292 457 Invalidique
305 397 409 456 patrum
423 387 537 439 reserant
548 386 651 457 jejunia
663 389 727 440 uati.

126 457 291 526 lpsa'autem
305 459 392 510 macie
406 464 516 509 tenuant
527 467 650 510 armenta
663 458 791 527 volentes,

125 528 159 579 At
180 543 222 596 ue,
236 527 283 579 ubi
295 526 452 579 concubitus
464 526 563 594 primos
574 525 631 595 jam
643 536 705 579 nota
717 527 840 597 voluptas
931 532 979 581 130

126 543 260 661 Sollicitat,
275 596 436 665 frondesque
448 603 556 665 negant,
569 604 597 647 et
610 595 727 650 sontibus
738 613 829 650 arcent
835 612 844 666 3

125 664 209 734 Saepe
221 666 306 718 etiarn
317 683 397 718 cursu
410 665 539 734 quatiunt,
554 672 581 716 et
593 665 649 717 sole
662 666 783 735 fatigant,

125 733 194 787 Cum
204 735 321 802 graviter
333 736 417 788 tunsis
428 733 513 803 gemit
526 750 589 785 area
601 733 730 805 frugibus,
744 745 771 788 et
783 753 846 789 cum

96 826 98 831 ·
124 802 282 871 Surgentem
294 803 327 856 ad
342 805 495 883 Zephyrum
508 801 602 871 paleae
613 802 747 872 jactantur
758 806 861 859 inanes.

123 872 181 924 Hoc
193 872 304 942 faciunt,
319 873 401 926 nimio
414 890 448 926 ne
461 872 525 924 luxu
537 872 674 926 obtunsior
686 891 751 927 usus
928 879 976 928 135

125 940 161 993 Sit
174 942 284 1009 genitali
296 959 367 1011 arvo,
381 953 408 996 et
420 942 508 997 sulcos
519 941 631 995 oblimet
643 944 735 996 inertis
741 960 749 1012 5

123 1009 176 1063 sed
188 1012 274 1082 rapiat
286 1013 380 1066 sitiens
392 1013 525 1065 Venerem
539 1012 703 1081 interiusque
716 1013 851 1066 recondat.

157 1079 257 1133 Rursus
270 1098 334 1134 cura
345 1091 451 1150 patrum
464 1081 570 1150 cadere,
584 1091 611 1134 et
624 1082 770 1134 succedere
783 1092 904 1135 matrum

125 1148 229 1219 Incipit.
265 1152 373 1205 Exactis
384 1151 511 1220 gravidae
524 1168 587 1203 cum
599 1151 739 1205 mensibus
750 1161 845 1221 errant,

123 1218 184 1271 Non
196 1219 256 1273 illas
267 1220 394 1290 gravibus
406 1221 550 1290 quisquam
566 1219 631 1289 juga
642 1220 741 1273 ducere
754 1221 887 1291 plaustris,
928 1226 976 1275 140

47 1341 50 1345 ,
122 1287 181 1341 Non
195 1289 266 1343 saltu
277 1307 403 1359 superare
416 1292 489 1343 viam
502 1290 536 1342 sit
549 1306 652 1359 passus,
666 1299 692 1341 et
704 1291 760 1342 acri

122 1357 237 1427 Carpere
248 1369 323 1428 prata
335 1360 407 1429 suga,
420 1360 572 1427 fluviosque
584 1358 676 1411 iuuare
689 1375 809 1427 rapaces.

123 1426 239 1482 Saltibus
250 1431 279 1482 in
289 1433 384 1483 vacuis
395 1436 509 1500 pascunt
521 1437 548 1480 et
560 1427 641 1497 plena
653 1428 802 1481 secundum

123 1495 249 1550 Flumina
256 1516 264 1567 ;
281 1516 392 1554 muscus
404 1499 451 1553 ubi
462 1509 490 1552 et
503 1498 665 1550 viridissima
677 1498 798 1567 gramine
810 1499 877 1569 ripa,

122 1565 326 1637 Speluncaeque
339 1577 438 1638 tegant,
452 1577 479 1620 et
492 1584 573 1620 saxea
585 1568 714 1636 procubet
726 1569 829 1622 umbra.
928 1572 977 1622 145

124 1636 173 1689 Est
185 1636 260 1690 lucos
272 1639 348 1691 Silari
360 1642 431 1692 circa
440 1637 603 1706 ilicibusque
616 1638 748 1692 virentem

123 1706 260 1760 Plurimus
272 1708 423 1761 Alburnum
436 1707 626 1760 volitans-cui
641 1725 738 1761 nornen
750 1707 817 1760 asilo

123 1775 275 1830 Romanum
288 1787 336 1845 est,
350 1786 468 1830 oestrum
480 1776 554 1830 Graii
566 1785 670 1829 vertere
683 1784 847 1830 vocantes-
863 1820 867 1828 .

123 1846 161 1897 As
181 1862 217 1916 er,
230 1846 329 1900 acerba
341 1863 452 1915 sonans5
470 1862 523 1916 quo
536 1854 590 1898 tota
601 1846 726 1899 exterrita
739 1846 814 1899 silvis

123 1862 271 1984 Didugiunt
282 1925 421 1969 armenta:
441 1915 504 1969 furit
515 1915 663 1983 mugitibus
674 1915 769 1968 aether
928 1919 976 1968 100

123 1983 276 2039 Concussus
287 1986 427 2056 silvaeque
439 1994 466 2038 et
479 1985 545 2038 sicci
557 1985 614 2055 ripa
625 1985 749 2052 Tanagri.

123 2053 179 2106 Hoc
191 2055 326 2124 quondam
339 2063 456 2108 monstro
469 2054 608 2108 horribiles
620 2054 740 2107 exercuit
751 2053 806 2106 iras

123 2123 250 2176 Inachiae
261 2126 277 2178 J
280 2142 330 2177 uno
343 2135 451 2194 pestem
464 2123 595 2177 meditata
605 2121 748 2191 juvencae.

122 2192 200 2245 Hunc
212 2211 418 2263 quoque—uam
430 2194 528 2247 mediis
539 2192 686 2246 fervoribus
697 2193 782 2245 acrior
793 2191 908 2245 instet-

122 2262 236 2316 Arcebis
246 2264 356 2332 gravido
368 2265 465 2334 pecori,
479 2270 654 2331 armentaque
702 2279 763 2316 sees
928 2265 975 2316 155

122 2331 182 2385 Sole
195 2350 290 2386 recens
301 2342 365 2401 orto,
377 2341 425 2386 eut
436 2342 544 2387 noctem
555 2332 664 2386 ducenti
684 2349 717 2385 us
727 2332 814 2385 astris

157 2403 219 2455 Post
232 2411 338 2472 parturn
351 2419 415 2456 cura
427 2403 453 2455 in
466 2402 563 2456 vitulos
574 2401 721 2455 traducitur
732 2401 835 2470 omnis5

121 2471 305 2542 Continuoque
317 2481 395 2526 notas
406 2481 434 2526 st
445 2473 555 2526 nomina
565 2472 655 2540 gentis
667 2472 782 2541 inurunt,

122 2541 164 2610 Et,
178 2558 245 2610 quos
256 2551 303 2595 aut
315 2542 405 2610 pecori
416 2542 511 2595 malint
523 2542 682 2596 submittere
695 2540 828 2609 habendo,

120 2612 175 2663 Aut
187 2611 240 2664 aris
252 2627 358 2664 servare
371 2627 467 2680 sacros,
480 2620 526 2665 aut
539 2609 661 2664 scindere
673 2618 779 2676 terram,
928 2613 976 2662 160

122 2679 156 2732 Et
168 2697 296 2750 campum
308 2680 461 2735 horrentem
473 2681 565 2734 fractis
577 2680 709 2733 invertere
721 2678 816 2748 glebis.

120 2749 216 2802 Cetera
227 2758 374 2819 pascuntur
386 2750 481 2804 viridis
492 2757 616 2803 armenta
646 2765 675 2800 er
687 2747 792 2801 herbas.

120 2818 162 2871 Tu
174 2836 241 2888 quos
253 2819 288 2872 ad
300 2819 421 2873 studium
432 2829 514 2888 atque
527 2835 607 2872 usum
630 2816 747 2870 ormabis
758 2823 901 2886 agrestem,

119 2889 181 2941 Jam
193 2888 291 2941 vitulos
302 2889 414 2958 hortare,
428 2889 555 2957 viamque
566 2887 660 2940 insiste
673 2885 808 2956 domandi,

120 2959 193 3011 Dum
205 2956 300 3011 faciles
311 2959 396 3012 animi
406 2958 547 3028 juvenum,
560 2957 625 3009 dum
639 2955 746 3008 mobilis
757 2963 843 3008 actes.
927 2958 976 3008 165

121 3030 162 3081 Ac
174 3028 292 3096 primum
304 3027 379 3081 laxos
391 3027 466 3081 tenui
477 3027 513 3080 de
525 3025 626 3079 vimine
639 3025 732 3079 circlos

120 3097 224 3150 Cervici
236 3097 382 3165 subuecte;
400 3096 507 3167 dehinc,
520 3096 567 3150 ubi
579 3095 664 3148 libera
675 3093 744 3148 colla

120 3165 234 3219 Servitio
245 3166 392 3236 adsuerint,
406 3165 471 3234 ipsis
483 3183 499 3218 e
511 3164 651 3235 torquibus
661 3172 739 3233 aptos

119 3237 208 3303 Junge
221 3252 307 3304 pares,
320 3244 348 3289 et
360 3252 427 3303 coge
438 3233 552 3304 gradum
564 3233 684 3288 conferre
695 3232 839 3303 juvencos:

121 3307 211 3374 Atque
224 3305 277 3358 illis
288 3305 345 3376 jam
357 3321 440 3372 saepe
454 3312 525 3356 rotae
537 3303 670 3356 ducantur
681 3302 775 3354 inanes
927 3301 976 3350 170

217 3437 331 3488 157-178.
349 3433 405 3482 The
417 3433 513 3493 resriug
524 3429 571 3479 und
583 3429 689 3489 trsining
700 3427 728 3477 of
739 3443 810 3476 oxen.
