<?xml version="1.0" encoding="UTF-8"?>
<!DOCTYPE html PUBLIC "-//W3C//DTD XHTML 1.0 Transitional//EN"
    "http://www.w3.org/TR/xhtml1/DTD/xhtml1-transitional.dtd">
<html xmlns="http://www.w3.org/1999/xhtml" xml:lang="en" lang="en">
 <head>
  <title>
</title>
<meta http-equiv="Content-Type" content="text/html;charset=utf-8" />
  <meta name='ocr-system' content='tesseract 3.04.00' />
  <meta name='ocr-capabilities' content='ocr_page ocr_carea ocr_par ocr_line ocrx_word'/>
</head>
<body>
  <div class='ocr_page' id='page_1' title='image "./carmina00virggoog_0040.png"; bbox 0 0 2086 3622; ppageno 0'>
   <div class='ocr_carea' id='block_1_1' title="bbox 349 173 693 216">
    <p class='ocr_par' dir='ltr' id='par_1_1' title="bbox 349 173 693 216">
     <span class='ocr_line' id='line_1_1' title="bbox 349 173 693 216; baseline -0.009 -1"><span class='ocrx_word' id='word_1_1' title='bbox 349 175 521 216; x_wconf 71' lang='lat' dir='ltr'>BUCOLICON</span> <span class='ocrx_word' id='word_1_2' title='bbox 541 173 693 215; x_wconf 63' lang='lat' dir='ltr'>boccourt.</span> 
     </span>
    </p>
   </div>
   <div class='ocr_carea' id='block_1_2' title="bbox 166 300 984 376">
    <p class='ocr_par' dir='ltr' id='par_1_2' title="bbox 166 300 984 376">
     <span class='ocr_line' id='line_1_2' title="bbox 166 300 984 376; baseline 0.004 -20"><span class='ocrx_word' id='word_1_3' title='bbox 166 303 238 356; x_wconf 78' lang='lat' dir='ltr'>Meo.</span> <span class='ocrx_word' id='word_1_4' title='bbox 257 303 292 356; x_wconf 85' lang='lat' dir='ltr'>Et</span> <span class='ocrx_word' id='word_1_5' title='bbox 304 320 349 356; x_wconf 86' lang='lat' dir='ltr'>me</span> <span class='ocrx_word' id='word_1_6' title='bbox 361 302 486 356; x_wconf 86' lang='lat' dir='ltr'>Phoebos</span> <span class='ocrx_word' id='word_1_7' title='bbox 503 309 591 370; x_wconf 73' lang='lat' dir='ltr'>amat,</span> <span class='ocrx_word' id='word_1_8' title='bbox 609 300 718 354; x_wconf 82' lang='lat' dir='ltr'>Phoebo</span> <span class='ocrx_word' id='word_1_9' title='bbox 729 317 779 354; x_wconf 86' lang='lat' dir='ltr'>sna</span> <span class='ocrx_word' id='word_1_10' title='bbox 791 319 901 374; x_wconf 88' lang='lat' dir='ltr'>semper</span> <span class='ocrx_word' id='word_1_11' title='bbox 910 306 984 376; x_wconf 80' lang='lat' dir='ltr'>apud</span> 
     </span>
    </p>
   </div>
   <div class='ocr_carea' id='block_1_3' title="bbox 128 389 983 2996">
    <p class='ocr_par' dir='ltr' id='par_1_3' title="bbox 304 389 349 426">
     <span class='ocr_line' id='line_1_3' title="bbox 304 389 349 426; baseline -0.044 0"><span class='ocrx_word' id='word_1_12' title='bbox 304 389 349 426; x_wconf 89' lang='lat' dir='ltr'>me</span> 
     </span>
    </p>

    <p class='ocr_par' dir='ltr' id='par_1_4' title="bbox 130 439 835 510">
     <span class='ocr_line' id='line_1_4' title="bbox 130 439 835 510; baseline -0.003 -15"><span class='ocrx_word' id='word_1_13' title='bbox 130 443 246 496; x_wconf 79' lang='lat' dir='ltr'>Munera</span> <span class='ocrx_word' id='word_1_14' title='bbox 257 452 326 510; x_wconf 86' lang='lat' dir='ltr'>sunt,</span> <span class='ocrx_word' id='word_1_15' title='bbox 340 440 407 493; x_wconf 92' lang='lat' dir='ltr'>lauri</span> <span class='ocrx_word' id='word_1_16' title='bbox 419 448 447 492; x_wconf 90' lang='lat' dir='ltr'>et</span> <span class='ocrx_word' id='word_1_17' title='bbox 459 457 543 492; x_wconf 85' lang='lat' dir='ltr'>suave</span> <span class='ocrx_word' id='word_1_18' title='bbox 554 440 654 493; x_wconf 88' lang='lat' dir='ltr'>rubens</span> <span class='ocrx_word' id='word_1_19' title='bbox 665 439 835 508; x_wconf 79' lang='lat' dir='ltr'><strong>hyacinthus.</strong></span> 
     </span>
    </p>

    <p class='ocr_par' dir='ltr' id='par_1_5' title="bbox 132 509 982 648">
     <span class='ocr_line' id='line_1_5' title="bbox 166 509 825 578; baseline -0.008 -13"><span class='ocrx_word' id='word_1_20' title='bbox 166 513 243 565; x_wconf 88' lang='lat' dir='ltr'>Dum.</span> <span class='ocrx_word' id='word_1_21' title='bbox 261 511 335 563; x_wconf 87' lang='lat' dir='ltr'>Malo</span> <span class='ocrx_word' id='word_1_22' title='bbox 347 527 392 562; x_wconf 90' lang='lat' dir='ltr'>me</span> <span class='ocrx_word' id='word_1_23' title='bbox 405 509 517 562; x_wconf 79' lang='lat' dir='ltr'><strong>Galatea</strong></span> <span class='ocrx_word' id='word_1_24' title='bbox 528 511 603 578; x_wconf 89' lang='lat' dir='ltr'>petit,</span> <span class='ocrx_word' id='word_1_25' title='bbox 616 509 717 561; x_wconf 83' lang='lat' dir='ltr'>lasciva</span> <span class='ocrx_word' id='word_1_26' title='bbox 727 509 825 578; x_wconf 91' lang='lat' dir='ltr'>puella,</span> 
     </span>
     <span class='ocr_line' id='line_1_6' title="bbox 132 577 982 648; baseline 0.002 -15"><span class='ocrx_word' id='word_1_27' title='bbox 132 582 166 634; x_wconf 81' lang='lat' dir='ltr'>Et</span> <span class='ocrx_word' id='word_1_28' title='bbox 179 581 246 648; x_wconf 84' lang='lat' dir='ltr'>sugit</span> <span class='ocrx_word' id='word_1_29' title='bbox 257 581 291 632; x_wconf 87' lang='lat' dir='ltr'>ad</span> <span class='ocrx_word' id='word_1_30' title='bbox 304 580 408 647; x_wconf 85' lang='lat' dir='ltr'>salices,</span> <span class='ocrx_word' id='word_1_31' title='bbox 422 589 490 630; x_wconf 89' lang='lat' dir='ltr'>etse</span> <span class='ocrx_word' id='word_1_32' title='bbox 503 578 576 647; x_wconf 87' lang='lat' dir='ltr'>cupit</span> <span class='ocrx_word' id='word_1_33' title='bbox 587 587 650 630; x_wconf 85' lang='lat' dir='ltr'>ante</span> <span class='ocrx_word' id='word_1_34' title='bbox 661 577 756 631; x_wconf 84' lang='lat' dir='ltr'>videri.</span> <span class='ocrx_word' id='word_1_35' title='bbox 950 587 982 635; x_wconf 82' lang='grc'>65</span> 
     </span>
    </p>

    <p class='ocr_par' dir='ltr' id='par_1_6' title="bbox 130 647 963 772">
     <span class='ocr_line' id='line_1_7' title="bbox 165 647 963 720; baseline 0 -18"><span class='ocrx_word' id='word_1_36' title='bbox 165 650 239 702; x_wconf 84' lang='lat' dir='ltr'>Men.</span> <span class='ocrx_word' id='word_1_37' title='bbox 305 648 371 701; x_wconf 88' lang='lat' dir='ltr'>mihi</span> <span class='ocrx_word' id='word_1_38' title='bbox 384 665 445 700; x_wconf 89' lang='lat' dir='ltr'>sese</span> <span class='ocrx_word' id='word_1_39' title='bbox 456 647 534 700; x_wconf 79' lang='lat' dir='ltr'>offert</span> <span class='ocrx_word' id='word_1_40' title='bbox 546 648 622 717; x_wconf 88' lang='lat' dir='ltr'>ultro,</span> <span class='ocrx_word' id='word_1_41' title='bbox 635 663 715 699; x_wconf 90' lang='lat' dir='ltr'>meus</span> <span class='ocrx_word' id='word_1_42' title='bbox 726 647 803 716; x_wconf 84' lang='lat' dir='ltr'>ignis,</span> <span class='ocrx_word' id='word_1_43' title='bbox 817 650 963 720; x_wconf 77' lang='lat' dir='ltr'>Amyntas,</span> 
     </span>
     <span class='ocr_line' id='line_1_8' title="bbox 130 716 771 772; baseline -0.006 0"><span class='ocrx_word' id='word_1_44' title='bbox 130 720 223 772; x_wconf 84' lang='lat' dir='ltr'>Notior</span> <span class='ocrx_word' id='word_1_45' title='bbox 234 727 264 770; x_wconf 92' lang='lat' dir='ltr'>ut</span> <span class='ocrx_word' id='word_1_46' title='bbox 303 736 331 771; x_wconf 94' lang='lat' dir='ltr'>m</span> <span class='ocrx_word' id='word_1_47' title='bbox 344 719 378 770; x_wconf 91' lang='lat' dir='ltr'>sit</span> <span class='ocrx_word' id='word_1_48' title='bbox 389 717 502 771; x_wconf 90' lang='lat' dir='ltr'>canibus</span> <span class='ocrx_word' id='word_1_49' title='bbox 513 735 564 770; x_wconf 93' lang='lat' dir='ltr'>non</span> <span class='ocrx_word' id='word_1_50' title='bbox 577 716 655 769; x_wconf 86' lang='lat' dir='ltr'>Delia</span> <span class='ocrx_word' id='word_1_51' title='bbox 667 718 771 769; x_wconf 86' lang='lat' dir='ltr'>nostris.</span> 
     </span>
    </p>

    <p class='ocr_par' dir='ltr' id='par_1_7' title="bbox 131 786 983 926">
     <span class='ocr_line' id='line_1_9' title="bbox 166 786 983 855; baseline 0.001 -15"><span class='ocrx_word' id='word_1_52' title='bbox 166 788 243 840; x_wconf 83' lang='lat' dir='ltr'>Dum.</span> <span class='ocrx_word' id='word_1_53' title='bbox 256 788 336 839; x_wconf 88' lang='lat' dir='ltr'>Parta</span> <span class='ocrx_word' id='word_1_54' title='bbox 347 803 426 840; x_wconf 89' lang='lat' dir='ltr'>meae</span> <span class='ocrx_word' id='word_1_55' title='bbox 434 786 532 839; x_wconf 86' lang='lat' dir='ltr'>Veneri</span> <span class='ocrx_word' id='word_1_56' title='bbox 545 797 606 838; x_wconf 86' lang='lat' dir='ltr'>sunt</span> <span class='ocrx_word' id='word_1_57' title='bbox 618 802 745 838; x_wconf 89' lang='lat' dir='ltr'>munera:</span> <span class='ocrx_word' id='word_1_58' title='bbox 760 802 880 855; x_wconf 86' lang='lat' dir='ltr'>namque</span> <span class='ocrx_word' id='word_1_59' title='bbox 891 789 983 841; x_wconf 84' lang='lat' dir='ltr'>notavi</span> 
     </span>
     <span class='ocr_line' id='line_1_10' title="bbox 131 854 806 926; baseline -0.004 -17"><span class='ocrx_word' id='word_1_60' title='bbox 131 858 193 926; x_wconf 84' lang='lat' dir='ltr'>Ipse</span> <span class='ocrx_word' id='word_1_61' title='bbox 206 856 304 926; x_wconf 91' lang='lat' dir='ltr'>locum,</span> <span class='ocrx_word' id='word_1_62' title='bbox 317 856 406 909; x_wconf 75' lang='lat' dir='ltr'>aeriae</span> <span class='ocrx_word' id='word_1_63' title='bbox 419 872 472 924; x_wconf 92' lang='lat' dir='ltr'>quo</span> <span class='ocrx_word' id='word_1_64' title='bbox 483 872 644 923; x_wconf 73' lang='lat' dir='ltr'><strong>congessere</strong></span> <span class='ocrx_word' id='word_1_65' title='bbox 655 854 806 924; x_wconf 76' lang='lat' dir='ltr'><strong>palumbes.</strong></span> 
     </span>
    </p>

    <p class='ocr_par' dir='ltr' id='par_1_8' title="bbox 131 924 982 1062">
     <span class='ocr_line' id='line_1_11' title="bbox 166 924 982 994; baseline 0.001 -16"><span class='ocrx_word' id='word_1_66' title='bbox 166 925 238 978; x_wconf 83' lang='lat' dir='ltr'>Meo.</span> <span class='ocrx_word' id='word_1_67' title='bbox 256 925 333 983; x_wconf 84' lang='lat' dir='ltr'>Quod</span> <span class='ocrx_word' id='word_1_68' title='bbox 345 926 426 994; x_wconf 93' lang='lat' dir='ltr'>potui,</span> <span class='ocrx_word' id='word_1_69' title='bbox 440 941 522 993; x_wconf 91' lang='lat' dir='ltr'>puero</span> <span class='ocrx_word' id='word_1_70' title='bbox 535 924 648 976; x_wconf 85' lang='lat' dir='ltr'>silvestri</span> <span class='ocrx_word' id='word_1_71' title='bbox 661 941 695 976; x_wconf 84' lang='lat' dir='ltr'>ex</span> <span class='ocrx_word' id='word_1_72' title='bbox 706 925 799 977; x_wconf 89' lang='lat' dir='ltr'>arbore</span> <span class='ocrx_word' id='word_1_73' title='bbox 811 925 885 977; x_wconf 93' lang='lat' dir='ltr'>lecta</span> <span class='ocrx_word' id='word_1_74' title='bbox 950 932 982 979; x_wconf 81' lang='lat'>70</span> 
     </span>
     <span class='ocr_line' id='line_1_12' title="bbox 131 994 806 1062; baseline -0.003 -14"><span class='ocrx_word' id='word_1_75' title='bbox 131 998 223 1048; x_wconf 88' lang='lat' dir='ltr'>Aurea</span> <span class='ocrx_word' id='word_1_76' title='bbox 234 995 306 1048; x_wconf 85' lang='lat' dir='ltr'>mala</span> <span class='ocrx_word' id='word_1_77' title='bbox 318 994 415 1047; x_wconf 91' lang='lat' dir='ltr'>decem</span> <span class='ocrx_word' id='word_1_78' title='bbox 426 994 505 1062; x_wconf 66' lang='lat' dir='ltr'>misi,</span> <span class='ocrx_word' id='word_1_79' title='bbox 524 1011 583 1046; x_wconf 87' lang='lat' dir='ltr'>cras</span> <span class='ocrx_word' id='word_1_80' title='bbox 594 994 679 1046; x_wconf 89' lang='lat' dir='ltr'>altera</span> <span class='ocrx_word' id='word_1_81' title='bbox 690 994 806 1046; x_wconf 90' lang='lat' dir='ltr'>mittam.</span> 
     </span>
    </p>

    <p class='ocr_par' dir='ltr' id='par_1_9' title="bbox 130 1062 981 1546">
     <span class='ocr_line' id='line_1_13' title="bbox 166 1062 910 1132; baseline -0.001 -15"><span class='ocrx_word' id='word_1_82' title='bbox 166 1065 243 1117; x_wconf 75' lang='lat' dir='ltr'>Dum</span> <span class='ocrx_word' id='word_1_83' title='bbox 262 1064 285 1116; x_wconf 95' lang='lat'>0</span> <span class='ocrx_word' id='word_1_84' title='bbox 297 1064 403 1132; x_wconf 90' lang='lat' dir='ltr'>quoties</span> <span class='ocrx_word' id='word_1_85' title='bbox 414 1072 441 1115; x_wconf 89' lang='lat' dir='ltr'>et</span> <span class='ocrx_word' id='word_1_86' title='bbox 453 1079 523 1132; x_wconf 91' lang='lat' dir='ltr'>quae</span> <span class='ocrx_word' id='word_1_87' title='bbox 535 1063 613 1116; x_wconf 81' lang='lat' dir='ltr'>nobis</span> <span class='ocrx_word' id='word_1_88' title='bbox 624 1062 738 1116; x_wconf 82' lang='lat' dir='ltr'>Galatea</span> <span class='ocrx_word' id='word_1_89' title='bbox 750 1062 840 1115; x_wconf 87' lang='lat' dir='ltr'>locuta</span> <span class='ocrx_word' id='word_1_90' title='bbox 850 1063 910 1116; x_wconf 88' lang='lat' dir='ltr'>est!</span> 
     </span>
     <span class='ocr_line' id='line_1_14' title="bbox 130 1131 855 1201; baseline 0 -16"><span class='ocrx_word' id='word_1_91' title='bbox 130 1134 239 1186; x_wconf 86' lang='lat' dir='ltr'>Partem</span> <span class='ocrx_word' id='word_1_92' title='bbox 250 1133 376 1201; x_wconf 82' lang='lat' dir='ltr'>aliquam,</span> <span class='ocrx_word' id='word_1_93' title='bbox 390 1133 471 1201; x_wconf 82' lang='lat' dir='ltr'>venti,</span> <span class='ocrx_word' id='word_1_94' title='bbox 484 1132 575 1185; x_wconf 87' lang='lat' dir='ltr'>divom</span> <span class='ocrx_word' id='word_1_95' title='bbox 587 1131 709 1184; x_wconf 85' lang='lat' dir='ltr'>referatis</span> <span class='ocrx_word' id='word_1_96' title='bbox 719 1131 755 1184; x_wconf 89' lang='lat' dir='ltr'>ad</span> <span class='ocrx_word' id='word_1_97' title='bbox 766 1132 855 1185; x_wconf 89' lang='lat' dir='ltr'>auris!</span> 
     </span>
     <span class='ocr_line' id='line_1_15' title="bbox 166 1201 980 1272; baseline 0 -18"><span class='ocrx_word' id='word_1_98' title='bbox 166 1202 236 1255; x_wconf 76' lang='lat' dir='ltr'>Mea</span> <span class='ocrx_word' id='word_1_99' title='bbox 258 1201 329 1260; x_wconf 83' lang='lat' dir='ltr'><strong>Quid</strong></span> <span class='ocrx_word' id='word_1_100' title='bbox 347 1201 462 1271; x_wconf 88' lang='lat' dir='ltr'>prodest,</span> <span class='ocrx_word' id='word_1_101' title='bbox 475 1201 547 1270; x_wconf 90' lang='lat' dir='ltr'>quod</span> <span class='ocrx_word' id='word_1_102' title='bbox 564 1219 610 1254; x_wconf 88' lang='lat' dir='ltr'>mc</span> <span class='ocrx_word' id='word_1_103' title='bbox 628 1202 686 1270; x_wconf 89' lang='lat' dir='ltr'>ipse</span> <span class='ocrx_word' id='word_1_104' title='bbox 703 1202 793 1253; x_wconf 87' lang='lat' dir='ltr'>animo</span> <span class='ocrx_word' id='word_1_105' title='bbox 805 1218 858 1254; x_wconf 94' lang='lat' dir='ltr'>non</span> <span class='ocrx_word' id='word_1_106' title='bbox 870 1204 980 1272; x_wconf 79' lang='lat' dir='ltr'>spernis,</span> 
     </span>
     <span class='ocr_line' id='line_1_16' title="bbox 130 1338 981 1409; baseline 0.001 -17"><span class='ocrx_word' id='word_1_107' title='bbox 130 1340 164 1409; x_wconf 87' lang='lat' dir='ltr'>Si,</span> <span class='ocrx_word' id='word_1_108' title='bbox 178 1339 244 1392; x_wconf 93' lang='lat' dir='ltr'>dum</span> <span class='ocrx_word' id='word_1_109' title='bbox 256 1348 285 1392; x_wconf 91' lang='lat' dir='ltr'>tu</span> <span class='ocrx_word' id='word_1_110' title='bbox 298 1342 408 1392; x_wconf 83' lang='lat' dir='ltr'>sectaris</span> <span class='ocrx_word' id='word_1_111' title='bbox 419 1357 504 1409; x_wconf 87' lang='lat' dir='ltr'>apros,</span> <span class='ocrx_word' id='word_1_112' title='bbox 517 1357 568 1407; x_wconf 90' lang='lat' dir='ltr'>ego</span> <span class='ocrx_word' id='word_1_113' title='bbox 581 1340 648 1392; x_wconf 85' lang='lat' dir='ltr'>retia</span> <span class='ocrx_word' id='word_1_114' title='bbox 659 1338 756 1391; x_wconf 77' lang='lat' dir='ltr'>servol</span> <span class='ocrx_word' id='word_1_115' title='bbox 949 1346 981 1393; x_wconf 82' lang='lat'>75</span> 
     </span>
     <span class='ocr_line' id='line_1_17' title="bbox 165 1407 931 1478; baseline -0.001 -16"><span class='ocrx_word' id='word_1_116' title='bbox 165 1409 242 1462; x_wconf 83' lang='lat' dir='ltr'>Dum.</span> <span class='ocrx_word' id='word_1_117' title='bbox 261 1409 385 1477; x_wconf 84' lang='lat' dir='ltr'>Phyllida</span> <span class='ocrx_word' id='word_1_118' title='bbox 396 1411 473 1462; x_wconf 87' lang='lat' dir='ltr'>mitte</span> <span class='ocrx_word' id='word_1_119' title='bbox 484 1409 567 1461; x_wconf 87' lang='lat' dir='ltr'>mihi:</span> <span class='ocrx_word' id='word_1_120' title='bbox 586 1426 666 1462; x_wconf 86' lang='lat' dir='ltr'>meus</span> <span class='ocrx_word' id='word_1_121' title='bbox 677 1416 718 1460; x_wconf 93' lang='lat' dir='ltr'>est</span> <span class='ocrx_word' id='word_1_122' title='bbox 730 1407 834 1475; x_wconf 89' lang='lat' dir='ltr'>natalis,</span> <span class='ocrx_word' id='word_1_123' title='bbox 847 1407 915 1461; x_wconf 89' lang='lat' dir='ltr'>Iolla</span> <span class='ocrx_word' id='word_1_124' title='bbox 921 1426 931 1478; x_wconf 88' lang='lat'>;</span> 
     </span>
     <span class='ocr_line' id='line_1_18' title="bbox 131 1477 789 1546; baseline -0.005 -15"><span class='ocrx_word' id='word_1_125' title='bbox 131 1479 199 1531; x_wconf 89' lang='lat' dir='ltr'>Cum</span> <span class='ocrx_word' id='word_1_126' title='bbox 212 1478 311 1530; x_wconf 80' lang='lat' dir='ltr'>faciam</span> <span class='ocrx_word' id='word_1_127' title='bbox 324 1477 409 1529; x_wconf 86' lang='lat' dir='ltr'>vitula</span> <span class='ocrx_word' id='word_1_128' title='bbox 420 1494 466 1546; x_wconf 90' lang='lat' dir='ltr'>pro</span> <span class='ocrx_word' id='word_1_129' title='bbox 478 1477 607 1545; x_wconf 82' lang='lat' dir='ltr'>frugibus,</span> <span class='ocrx_word' id='word_1_130' title='bbox 620 1479 678 1546; x_wconf 89' lang='lat' dir='ltr'>ipse</span> <span class='ocrx_word' id='word_1_131' title='bbox 691 1477 789 1529; x_wconf 81' lang='lat' dir='ltr'>venito.</span> 
     </span>
    </p>

    <p class='ocr_par' dir='ltr' id='par_1_10' title="bbox 132 1544 980 1685">
     <span class='ocr_line' id='line_1_19' title="bbox 166 1544 980 1618; baseline 0.001 -18"><span class='ocrx_word' id='word_1_132' title='bbox 166 1546 238 1599; x_wconf 82' lang='lat' dir='ltr'>Mea.</span> <span class='ocrx_word' id='word_1_133' title='bbox 250 1546 376 1616; x_wconf 86' lang='lat' dir='ltr'>Phyllida</span> <span class='ocrx_word' id='word_1_134' title='bbox 384 1563 446 1597; x_wconf 90' lang='lat' dir='ltr'>amo</span> <span class='ocrx_word' id='word_1_135' title='bbox 454 1553 517 1597; x_wconf 89' lang='lat' dir='ltr'>ante</span> <span class='ocrx_word' id='word_1_136' title='bbox 529 1546 610 1615; x_wconf 72' lang='lat' dir='ltr'>alias,</span> <span class='ocrx_word' id='word_1_137' title='bbox 622 1564 686 1598; x_wconf 88' lang='lat' dir='ltr'>nam</span> <span class='ocrx_word' id='word_1_138' title='bbox 693 1563 739 1598; x_wconf 93' lang='lat' dir='ltr'>me</span> <span class='ocrx_word' id='word_1_139' title='bbox 748 1544 888 1599; x_wconf 88' lang='lat' dir='ltr'>discedere</span> <span class='ocrx_word' id='word_1_140' title='bbox 896 1547 980 1618; x_wconf 78' lang='lat' dir='ltr'>flevit,</span> 
     </span>
     <span class='ocr_line' id='line_1_20' title="bbox 132 1614 782 1685; baseline -0.003 -17"><span class='ocrx_word' id='word_1_141' title='bbox 132 1617 166 1668; x_wconf 85' lang='lat' dir='ltr'>Et</span> <span class='ocrx_word' id='word_1_142' title='bbox 179 1617 287 1684; x_wconf 90' lang='lat' dir='ltr'>longum</span> <span class='ocrx_word' id='word_1_143' title='bbox 299 1615 422 1683; x_wconf 83' lang='lat' dir='ltr'>formose,</span> <span class='ocrx_word' id='word_1_144' title='bbox 436 1615 505 1682; x_wconf 87' lang='lat' dir='ltr'>vale,</span> <span class='ocrx_word' id='word_1_145' title='bbox 519 1616 587 1685; x_wconf 87' lang='lat' dir='ltr'>vale,</span> <span class='ocrx_word' id='word_1_146' title='bbox 601 1616 694 1684; x_wconf 93' lang='lat' dir='ltr'>inquit,</span> <span class='ocrx_word' id='word_1_147' title='bbox 708 1614 782 1668; x_wconf 83' lang='lat' dir='ltr'>Iolla.</span> 
     </span>
    </p>

    <p class='ocr_par' dir='ltr' id='par_1_11' title="bbox 130 1683 980 1822">
     <span class='ocr_line' id='line_1_21' title="bbox 166 1683 980 1757; baseline 0.002 -19"><span class='ocrx_word' id='word_1_148' title='bbox 166 1686 243 1738; x_wconf 86' lang='lat' dir='ltr'>Dum.</span> <span class='ocrx_word' id='word_1_149' title='bbox 255 1686 343 1736; x_wconf 81' lang='lat' dir='ltr'><strong>Triste</strong></span> <span class='ocrx_word' id='word_1_150' title='bbox 352 1683 432 1752; x_wconf 92' lang='lat' dir='ltr'>lupus</span> <span class='ocrx_word' id='word_1_151' title='bbox 443 1684 561 1754; x_wconf 84' lang='lat' dir='ltr'>stabulis,</span> <span class='ocrx_word' id='word_1_152' title='bbox 572 1685 684 1738; x_wconf 90' lang='lat' dir='ltr'>maturis</span> <span class='ocrx_word' id='word_1_153' title='bbox 692 1684 815 1752; x_wconf 82' lang='lat' dir='ltr'>frugibus</span> <span class='ocrx_word' id='word_1_154' title='bbox 826 1684 935 1757; x_wconf 86' lang='lat' dir='ltr'>imbres,</span> <span class='ocrx_word' id='word_1_155' title='bbox 948 1691 980 1740; x_wconf 83' lang='lat'>80</span> 
     </span>
     <span class='ocr_line' id='line_1_22' title="bbox 130 1753 723 1822; baseline -0.002 -15"><span class='ocrx_word' id='word_1_156' title='bbox 130 1755 278 1807; x_wconf 82' lang='lat' dir='ltr'>Arboribus</span> <span class='ocrx_word' id='word_1_157' title='bbox 289 1753 371 1822; x_wconf 86' lang='lat' dir='ltr'>venti,</span> <span class='ocrx_word' id='word_1_158' title='bbox 384 1753 461 1805; x_wconf 87' lang='lat' dir='ltr'>nobis</span> <span class='ocrx_word' id='word_1_159' title='bbox 471 1755 542 1806; x_wconf 87' lang='lat' dir='ltr'>Ama</span> <span class='ocrx_word' id='word_1_160' title='bbox 574 1753 646 1806; x_wconf 89' lang='lat' dir='ltr'>llidis</span> <span class='ocrx_word' id='word_1_161' title='bbox 658 1755 723 1806; x_wconf 83' lang='lat' dir='ltr'>irae.</span> 
     </span>
    </p>

    <p class='ocr_par' dir='ltr' id='par_1_12' title="bbox 131 1821 912 1961">
     <span class='ocr_line' id='line_1_23' title="bbox 165 1821 912 1893; baseline 0.001 -18"><span class='ocrx_word' id='word_1_162' title='bbox 165 1823 238 1875; x_wconf 79' lang='lat' dir='ltr'>Meo.</span> <span class='ocrx_word' id='word_1_163' title='bbox 257 1823 342 1875; x_wconf 83' lang='lat' dir='ltr'>Dulce</span> <span class='ocrx_word' id='word_1_164' title='bbox 354 1823 420 1876; x_wconf 79' lang='lat' dir='ltr'>satis</span> <span class='ocrx_word' id='word_1_165' title='bbox 432 1822 535 1887; x_wconf 87' lang='lat' dir='ltr'>humor,</span> <span class='ocrx_word' id='word_1_166' title='bbox 567 1824 667 1892; x_wconf 86' lang='lat' dir='ltr'>epulsis</span> <span class='ocrx_word' id='word_1_167' title='bbox 684 1822 794 1876; x_wconf 88' lang='lat' dir='ltr'>arbutus</span> <span class='ocrx_word' id='word_1_168' title='bbox 806 1821 912 1893; x_wconf 88' lang='lat' dir='ltr'>haedis,</span> 
     </span>
     <span class='ocr_line' id='line_1_24' title="bbox 131 1891 789 1961; baseline -0.002 -16"><span class='ocrx_word' id='word_1_169' title='bbox 131 1893 216 1945; x_wconf 90' lang='lat' dir='ltr'>Lenta</span> <span class='ocrx_word' id='word_1_170' title='bbox 228 1893 296 1944; x_wconf 79' lang='lat' dir='ltr'>salix</span> <span class='ocrx_word' id='word_1_171' title='bbox 308 1891 363 1944; x_wconf 88' lang='lat' dir='ltr'>feto</span> <span class='ocrx_word' id='word_1_172' title='bbox 374 1892 471 1961; x_wconf 87' lang='lat' dir='ltr'>pecori,</span> <span class='ocrx_word' id='word_1_173' title='bbox 484 1892 551 1945; x_wconf 89' lang='lat' dir='ltr'>mihi</span> <span class='ocrx_word' id='word_1_174' title='bbox 563 1892 636 1945; x_wconf 86' lang='lat' dir='ltr'>solus</span> <span class='ocrx_word' id='word_1_175' title='bbox 647 1895 789 1961; x_wconf 83' lang='lat' dir='ltr'>Amyntas</span> 
     </span>
    </p>

    <p class='ocr_par' dir='ltr' id='par_1_13' title="bbox 166 1960 981 2031">
     <span class='ocr_line' id='line_1_25' title="bbox 166 1960 981 2031; baseline 0.004 -18"><span class='ocrx_word' id='word_1_176' title='bbox 166 1961 243 2015; x_wconf 86' lang='lat' dir='ltr'>Dum.</span> <span class='ocrx_word' id='word_1_177' title='bbox 262 1960 346 2014; x_wconf 93' lang='lat' dir='ltr'>Pollio</span> <span class='ocrx_word' id='word_1_178' title='bbox 364 1970 437 2014; x_wconf 90' lang='lat' dir='ltr'>amat</span> <span class='ocrx_word' id='word_1_179' title='bbox 455 1972 579 2031; x_wconf 88' lang='lat' dir='ltr'>nostram,</span> <span class='ocrx_word' id='word_1_180' title='bbox 592 1961 717 2030; x_wconf 78' lang='lat' dir='ltr'>quamvis</span> <span class='ocrx_word' id='word_1_181' title='bbox 735 1970 776 2013; x_wconf 87' lang='lat' dir='ltr'>est</span> <span class='ocrx_word' id='word_1_182' title='bbox 793 1961 902 2031; x_wconf 82' lang='lat' dir='ltr'>rustica,</span> <span class='ocrx_word' id='word_1_183' title='bbox 920 1961 981 2016; x_wconf 84' lang='lat' dir='ltr'>Mu·</span> 
     </span>
    </p>

    <p class='ocr_par' dir='ltr' id='par_1_14' title="bbox 306 2047 379 2083">
     <span class='ocr_line' id='line_1_26' title="bbox 306 2047 379 2083; baseline 0 -1"><span class='ocrx_word' id='word_1_184' title='bbox 306 2047 379 2083; x_wconf 90' lang='lat' dir='ltr'>sam:</span> 
     </span>
    </p>

    <p class='ocr_par' dir='ltr' id='par_1_15' title="bbox 130 2098 980 2168">
     <span class='ocr_line' id='line_1_27' title="bbox 130 2098 980 2168; baseline -0.005 -16"><span class='ocrx_word' id='word_1_185' title='bbox 130 2099 256 2168; x_wconf 82' lang='lat' dir='ltr'>Pierides,</span> <span class='ocrx_word' id='word_1_186' title='bbox 269 2100 381 2152; x_wconf 80' lang='lat' dir='ltr'>vitulam</span> <span class='ocrx_word' id='word_1_187' title='bbox 394 2098 484 2151; x_wconf 87' lang='lat' dir='ltr'>lectori</span> <span class='ocrx_word' id='word_1_188' title='bbox 497 2099 602 2167; x_wconf 87' lang='lat' dir='ltr'>pascite</span> <span class='ocrx_word' id='word_1_189' title='bbox 614 2107 710 2151; x_wconf 85' lang='lat' dir='ltr'>vestro.</span> <span class='ocrx_word' id='word_1_190' title='bbox 948 2105 980 2154; x_wconf 80' lang='lat'>85</span> 
     </span>
    </p>

    <p class='ocr_par' dir='ltr' id='par_1_16' title="bbox 129 2167 979 2305">
     <span class='ocr_line' id='line_1_28' title="bbox 165 2167 979 2240; baseline 0.002 -20"><span class='ocrx_word' id='word_1_191' title='bbox 165 2169 237 2220; x_wconf 83' lang='lat' dir='ltr'>Men.</span> <span class='ocrx_word' id='word_1_192' title='bbox 251 2169 335 2221; x_wconf 91' lang='lat' dir='ltr'>Pollio</span> <span class='ocrx_word' id='word_1_193' title='bbox 347 2179 373 2221; x_wconf 90' lang='lat' dir='ltr'>et</span> <span class='ocrx_word' id='word_1_194' title='bbox 387 2170 444 2236; x_wconf 90' lang='lat' dir='ltr'>ipse</span> <span class='ocrx_word' id='word_1_195' title='bbox 453 2168 517 2220; x_wconf 83' lang='lat' dir='ltr'>facit</span> <span class='ocrx_word' id='word_1_196' title='bbox 526 2185 594 2220; x_wconf 83' lang='lat' dir='ltr'>nova</span> <span class='ocrx_word' id='word_1_197' title='bbox 602 2168 736 2219; x_wconf 87' lang='lat' dir='ltr'>carmina:</span> <span class='ocrx_word' id='word_1_198' title='bbox 750 2167 852 2235; x_wconf 83' lang='lat' dir='ltr'>pascite</span> <span class='ocrx_word' id='word_1_199' title='bbox 865 2175 979 2240; x_wconf 78' lang='lat' dir='ltr'>taurum,</span> 
     </span>
     <span class='ocr_line' id='line_1_29' title="bbox 129 2237 846 2305; baseline -0.003 -15"><span class='ocrx_word' id='word_1_200' title='bbox 129 2239 191 2291; x_wconf 87' lang='lat' dir='ltr'>Jam</span> <span class='ocrx_word' id='word_1_201' title='bbox 204 2254 285 2288; x_wconf 84' lang='lat' dir='ltr'>cornu</span> <span class='ocrx_word' id='word_1_202' title='bbox 298 2247 371 2305; x_wconf 90' lang='lat' dir='ltr'>petat</span> <span class='ocrx_word' id='word_1_203' title='bbox 384 2248 411 2288; x_wconf 93' lang='lat' dir='ltr'>et</span> <span class='ocrx_word' id='word_1_204' title='bbox 425 2237 538 2305; x_wconf 88' lang='lat' dir='ltr'>pedibus</span> <span class='ocrx_word' id='word_1_205' title='bbox 550 2238 597 2304; x_wconf 86' lang='lat' dir='ltr'>qui</span> <span class='ocrx_word' id='word_1_206' title='bbox 609 2245 715 2304; x_wconf 82' lang='lat' dir='ltr'>spargat</span> <span class='ocrx_word' id='word_1_207' title='bbox 726 2252 846 2288; x_wconf 87' lang='lat' dir='ltr'>arenam.</span> 
     </span>
    </p>

    <p class='ocr_par' dir='ltr' id='par_1_17' title="bbox 129 2306 980 2442">
     <span class='ocr_line' id='line_1_30' title="bbox 165 2306 980 2378; baseline 0.002 -19"><span class='ocrx_word' id='word_1_208' title='bbox 165 2307 241 2359; x_wconf 87' lang='lat' dir='ltr'>Dom.</span> <span class='ocrx_word' id='word_1_209' title='bbox 251 2307 304 2364; x_wconf 85' lang='lat' dir='ltr'>Qui</span> <span class='ocrx_word' id='word_1_210' title='bbox 313 2315 348 2371; x_wconf 90' lang='lat' dir='ltr'>te,</span> <span class='ocrx_word' id='word_1_211' title='bbox 359 2306 451 2373; x_wconf 90' lang='lat' dir='ltr'>Pollio,</span> <span class='ocrx_word' id='word_1_212' title='bbox 460 2314 541 2373; x_wconf 88' lang='lat' dir='ltr'>amat,</span> <span class='ocrx_word' id='word_1_213' title='bbox 551 2307 647 2372; x_wconf 87' lang='lat' dir='ltr'>veniat,</span> <span class='ocrx_word' id='word_1_214' title='bbox 656 2322 709 2375; x_wconf 91' lang='lat' dir='ltr'>quo</span> <span class='ocrx_word' id='word_1_215' title='bbox 718 2315 744 2357; x_wconf 90' lang='lat' dir='ltr'>te</span> <span class='ocrx_word' id='word_1_216' title='bbox 751 2321 858 2374; x_wconf 89' lang='lat' dir='ltr'>quoque</span> <span class='ocrx_word' id='word_1_217' title='bbox 866 2307 967 2374; x_wconf 86' lang='lat' dir='ltr'>gaudet</span> <span class='ocrx_word' id='word_1_218' title='bbox 971 2326 980 2378; x_wconf 78' lang='lat'><em>3</em></span> 
     </span>
     <span class='ocr_line' id='line_1_31' title="bbox 129 2374 832 2442; baseline -0.004 -14"><span class='ocrx_word' id='word_1_219' title='bbox 129 2375 216 2428; x_wconf 88' lang='lat' dir='ltr'>Mella</span> <span class='ocrx_word' id='word_1_220' title='bbox 227 2374 312 2426; x_wconf 90' lang='lat' dir='ltr'>fluant</span> <span class='ocrx_word' id='word_1_221' title='bbox 326 2375 370 2441; x_wconf 84' lang='lat' dir='ltr'>illi,</span> <span class='ocrx_word' id='word_1_222' title='bbox 383 2375 451 2427; x_wconf 84' lang='lat' dir='ltr'>serat</span> <span class='ocrx_word' id='word_1_223' title='bbox 464 2383 490 2426; x_wconf 88' lang='lat' dir='ltr'>et</span> <span class='ocrx_word' id='word_1_224' title='bbox 504 2374 585 2426; x_wconf 86' lang='lat' dir='ltr'>rubus</span> <span class='ocrx_word' id='word_1_225' title='bbox 597 2392 675 2442; x_wconf 87' lang='lat' dir='ltr'>asper</span> <span class='ocrx_word' id='word_1_226' title='bbox 685 2390 832 2426; x_wconf 89' lang='lat' dir='ltr'>amomum.</span> 
     </span>
    </p>

    <p class='ocr_par' dir='ltr' id='par_1_18' title="bbox 129 2443 981 2581">
     <span class='ocr_line' id='line_1_32' title="bbox 163 2443 981 2513; baseline 0.002 -18"><span class='ocrx_word' id='word_1_227' title='bbox 163 2443 236 2495; x_wconf 84' lang='lat' dir='ltr'>Men.</span> <span class='ocrx_word' id='word_1_228' title='bbox 245 2444 297 2501; x_wconf 85' lang='lat' dir='ltr'>Qui</span> <span class='ocrx_word' id='word_1_229' title='bbox 307 2443 421 2495; x_wconf 85' lang='lat' dir='ltr'>Bavium</span> <span class='ocrx_word' id='word_1_230' title='bbox 428 2461 478 2495; x_wconf 90' lang='lat' dir='ltr'>non</span> <span class='ocrx_word' id='word_1_231' title='bbox 487 2444 549 2512; x_wconf 89' lang='lat' dir='ltr'>odit,</span> <span class='ocrx_word' id='word_1_232' title='bbox 559 2453 632 2495; x_wconf 92' lang='lat' dir='ltr'>amet</span> <span class='ocrx_word' id='word_1_233' title='bbox 642 2452 688 2495; x_wconf 89' lang='lat' dir='ltr'>tua</span> <span class='ocrx_word' id='word_1_234' title='bbox 695 2443 822 2512; x_wconf 85' lang='lat' dir='ltr'>carmina,</span> <span class='ocrx_word' id='word_1_235' title='bbox 832 2443 935 2513; x_wconf 75' lang='lat' dir='ltr'>Maeui,</span> <span class='ocrx_word' id='word_1_236' title='bbox 948 2447 981 2496; x_wconf 81' lang='grc'>90</span> 
     </span>
     <span class='ocr_line' id='line_1_33' title="bbox 129 2512 795 2581; baseline -0.003 -15"><span class='ocrx_word' id='word_1_237' title='bbox 129 2516 219 2581; x_wconf 87' lang='lat' dir='ltr'>Atque</span> <span class='ocrx_word' id='word_1_238' title='bbox 232 2513 305 2565; x_wconf 91' lang='lat' dir='ltr'>idem</span> <span class='ocrx_word' id='word_1_239' title='bbox 316 2512 409 2580; x_wconf 83' lang='lat' dir='ltr'>jungat</span> <span class='ocrx_word' id='word_1_240' title='bbox 421 2513 517 2581; x_wconf 85' lang='lat' dir='ltr'>vulpes</span> <span class='ocrx_word' id='word_1_241' title='bbox 529 2527 555 2564; x_wconf 86' lang='lat' dir='ltr'>et</span> <span class='ocrx_word' id='word_1_242' title='bbox 567 2513 686 2580; x_wconf 84' lang='lat' dir='ltr'>mulgeat</span> <span class='ocrx_word' id='word_1_243' title='bbox 699 2512 795 2565; x_wconf 86' lang='lat' dir='ltr'>hircos.</span> 
     </span>
    </p>

    <p class='ocr_par' dir='ltr' id='par_1_19' title="bbox 129 2580 899 2719">
     <span class='ocr_line' id='line_1_34' title="bbox 164 2580 874 2650; baseline -0.003 -15"><span class='ocrx_word' id='word_1_244' title='bbox 164 2582 241 2635; x_wconf 84' lang='lat' dir='ltr'>Dum.</span> <span class='ocrx_word' id='word_1_245' title='bbox 260 2582 312 2639; x_wconf 84' lang='lat' dir='ltr'>Qui</span> <span class='ocrx_word' id='word_1_246' title='bbox 326 2582 413 2648; x_wconf 88' lang='lat' dir='ltr'>legitis</span> <span class='ocrx_word' id='word_1_247' title='bbox 425 2582 504 2634; x_wconf 85' lang='lat' dir='ltr'>flores</span> <span class='ocrx_word' id='word_1_248' title='bbox 516 2591 542 2634; x_wconf 92' lang='lat' dir='ltr'>et</span> <span class='ocrx_word' id='word_1_249' title='bbox 555 2582 631 2634; x_wconf 92' lang='lat' dir='ltr'>humi</span> <span class='ocrx_word' id='word_1_250' title='bbox 643 2581 782 2634; x_wconf 79' lang='lat' dir='ltr'>nascentia</span> <span class='ocrx_word' id='word_1_251' title='bbox 789 2580 874 2650; x_wconf 63' lang='lat' dir='ltr'>fraga,</span> 
     </span>
     <span class='ocr_line' id='line_1_35' title="bbox 129 2649 899 2719; baseline -0.003 -15"><span class='ocrx_word' id='word_1_252' title='bbox 129 2650 261 2718; x_wconf 84' lang='lat' dir='ltr'>Frigidus,</span> <span class='ocrx_word' id='word_1_253' title='bbox 275 2667 291 2702; x_wconf 93' lang='lat' dir='ltr'>o</span> <span class='ocrx_word' id='word_1_254' title='bbox 304 2652 385 2719; x_wconf 90' lang='lat' dir='ltr'>pueri,</span> <span class='ocrx_word' id='word_1_255' title='bbox 399 2651 484 2718; x_wconf 84' lang='lat' dir='ltr'>fugite</span> <span class='ocrx_word' id='word_1_256' title='bbox 498 2651 568 2719; x_wconf 90' lang='lat' dir='ltr'>hinc,</span> <span class='ocrx_word' id='word_1_257' title='bbox 582 2651 646 2703; x_wconf 89' lang='lat' dir='ltr'>latet</span> <span class='ocrx_word' id='word_1_258' title='bbox 658 2651 755 2718; x_wconf 78' lang='lat' dir='ltr'>anguis</span> <span class='ocrx_word' id='word_1_259' title='bbox 766 2651 792 2702; x_wconf 92' lang='lat' dir='ltr'>iu</span> <span class='ocrx_word' id='word_1_260' title='bbox 805 2649 899 2704; x_wconf 88' lang='lat' dir='ltr'>herba.</span> 
     </span>
    </p>

    <p class='ocr_par' dir='ltr' id='par_1_20' title="bbox 128 2718 981 2858">
     <span class='ocr_line' id='line_1_36' title="bbox 163 2718 981 2790; baseline -0.002 -18"><span class='ocrx_word' id='word_1_261' title='bbox 163 2721 235 2772; x_wconf 85' lang='lat' dir='ltr'>Men.</span> <span class='ocrx_word' id='word_1_262' title='bbox 250 2720 361 2788; x_wconf 76' lang='lat' dir='ltr'>Parcite,</span> <span class='ocrx_word' id='word_1_263' title='bbox 375 2737 446 2788; x_wconf 86' lang='lat' dir='ltr'>oves,</span> <span class='ocrx_word' id='word_1_264' title='bbox 460 2721 575 2773; x_wconf 90' lang='lat' dir='ltr'>nimium</span> <span class='ocrx_word' id='word_1_265' title='bbox 587 2720 748 2788; x_wconf 83' lang='lat' dir='ltr'>procedere:</span> <span class='ocrx_word' id='word_1_266' title='bbox 761 2736 812 2771; x_wconf 87' lang='lat' dir='ltr'>uon</span> <span class='ocrx_word' id='word_1_267' title='bbox 826 2718 896 2772; x_wconf 85' lang='lat' dir='ltr'>bene</span> <span class='ocrx_word' id='word_1_268' title='bbox 909 2719 981 2790; x_wconf 81' lang='lat' dir='ltr'>ripae</span> 
     </span>
     <span class='ocr_line' id='line_1_37' title="bbox 128 2789 981 2858; baseline -0.001 -15"><span class='ocrx_word' id='word_1_269' title='bbox 128 2790 264 2857; x_wconf 75' lang='lat' dir='ltr'>Creditur,</span> <span class='ocrx_word' id='word_1_270' title='bbox 283 2791 340 2858; x_wconf 88' lang='lat' dir='ltr'>ipse</span> <span class='ocrx_word' id='word_1_271' title='bbox 352 2790 423 2842; x_wconf 88' lang='lat' dir='ltr'>aries</span> <span class='ocrx_word' id='word_1_272' title='bbox 435 2791 518 2842; x_wconf 90' lang='lat' dir='ltr'>etiam</span> <span class='ocrx_word' id='word_1_273' title='bbox 530 2806 602 2842; x_wconf 88' lang='lat' dir='ltr'>nunc</span> <span class='ocrx_word' id='word_1_274' title='bbox 613 2789 715 2841; x_wconf 86' lang='lat' dir='ltr'>vellera</span> <span class='ocrx_word' id='word_1_275' title='bbox 726 2789 819 2840; x_wconf 89' lang='lat' dir='ltr'>siccat.</span> <span class='ocrx_word' id='word_1_276' title='bbox 946 2791 981 2842; x_wconf 73' lang='grc'>95</span> 
     </span>
    </p>

    <p class='ocr_par' dir='ltr' id='par_1_21' title="bbox 128 2857 889 2996">
     <span class='ocr_line' id='line_1_38' title="bbox 163 2857 889 2928; baseline -0.003 -17"><span class='ocrx_word' id='word_1_277' title='bbox 163 2860 240 2912; x_wconf 86' lang='lat' dir='ltr'>Dum.</span> <span class='ocrx_word' id='word_1_278' title='bbox 259 2860 360 2927; x_wconf 77' lang='lat' dir='ltr'>Tityre,</span> <span class='ocrx_word' id='word_1_279' title='bbox 374 2861 508 2928; x_wconf 89' lang='lat' dir='ltr'>pascentis</span> <span class='ocrx_word' id='word_1_280' title='bbox 520 2877 537 2910; x_wconf 89' lang='lat' dir='ltr'>a</span> <span class='ocrx_word' id='word_1_281' title='bbox 548 2859 660 2911; x_wconf 88' lang='lat' dir='ltr'>flumine</span> <span class='ocrx_word' id='word_1_282' title='bbox 673 2859 744 2909; x_wconf 87' lang='lat' dir='ltr'>reice</span> <span class='ocrx_word' id='word_1_283' title='bbox 756 2857 889 2926; x_wconf 85' lang='lat' dir='ltr'>capellas:</span> 
     </span>
     <span class='ocr_line' id='line_1_39' title="bbox 128 2926 780 2996; baseline -0.005 -16"><span class='ocrx_word' id='word_1_284' title='bbox 128 2930 189 2996; x_wconf 87' lang='lat' dir='ltr'>Ipse</span> <span class='ocrx_word' id='word_1_285' title='bbox 202 2929 249 2980; x_wconf 93' lang='lat' dir='ltr'>ubi</span> <span class='ocrx_word' id='word_1_286' title='bbox 263 2937 369 2996; x_wconf 90' lang='lat' dir='ltr'>tempus</span> <span class='ocrx_word' id='word_1_287' title='bbox 382 2929 438 2995; x_wconf 84' lang='lat' dir='ltr'>erit,</span> <span class='ocrx_word' id='word_1_288' title='bbox 451 2929 540 2980; x_wconf 86' lang='lat' dir='ltr'>omnis</span> <span class='ocrx_word' id='word_1_289' title='bbox 551 2928 578 2979; x_wconf 88' lang='lat' dir='ltr'>in</span> <span class='ocrx_word' id='word_1_290' title='bbox 592 2927 664 2978; x_wconf 81' lang='lat' dir='ltr'>sonte</span> <span class='ocrx_word' id='word_1_291' title='bbox 677 2926 780 2978; x_wconf 84' lang='lat' dir='ltr'>lavabo.</span> 
     </span>
    </p>
   </div>
   <div class='ocr_carea' id='block_1_4' title="bbox 87 3024 982 3145">
    <p class='ocr_par' dir='ltr' id='par_1_22' title="bbox 87 3024 982 3145">
     <span class='ocr_line' id='line_1_40' title="bbox 87 3024 982 3074; baseline -0.002 0"><span class='ocrx_word' id='word_1_292' title='bbox 87 3027 223 3074; x_wconf 69' lang='lat' dir='ltr'>69eSuote.</span> <span class='ocrx_word' id='word_1_293' title='bbox 242 3027 288 3072; x_wconf 87' lang='lat' dir='ltr'>See</span> <span class='ocrx_word' id='word_1_294' title='bbox 300 3035 357 3070; x_wconf 85' lang='lat' dir='ltr'>note</span> <span class='ocrx_word' id='word_1_295' title='bbox 366 3041 397 3070; x_wconf 92' lang='lat' dir='ltr'>on</span> <span class='ocrx_word' id='word_1_296' title='bbox 405 3041 455 3071; x_wconf 85' lang='lat' dir='ltr'>ver.</span> <span class='ocrx_word' id='word_1_297' title='bbox 465 3029 487 3071; x_wconf 89' lang='lat'>8.</span> <span class='ocrx_word' id='word_1_298' title='bbox 497 3054 528 3063; x_wconf 95' lang='lat'><em>-</em></span> <span class='ocrx_word' id='word_1_299' title='bbox 536 3030 573 3072; x_wconf 84' lang='grc'>67.</span> <span class='ocrx_word' id='word_1_300' title='bbox 592 3026 640 3071; x_wconf 90' lang='lat' dir='ltr'>See</span> <span class='ocrx_word' id='word_1_301' title='bbox 657 3025 819 3071; x_wconf 86' lang='lat' dir='ltr'>Shenstone&#39;s</span> <span class='ocrx_word' id='word_1_302' title='bbox 830 3024 982 3072; x_wconf 80' lang='lat' dir='ltr'>imitation-</span> 
     </span>
     <span class='ocr_line' id='line_1_41' title="bbox 280 3097 757 3145; baseline 0 -10"><span class='ocrx_word' id='word_1_303' title='bbox 280 3097 303 3135; x_wconf 69' lang='grc' dir='ltr'>*Ι</span> <span class='ocrx_word' id='word_1_304' title='bbox 312 3097 367 3135; x_wconf 83' lang='lat' dir='ltr'>bave</span> <span class='ocrx_word' id='word_1_305' title='bbox 376 3097 442 3134; x_wconf 80' lang='lat' dir='ltr'>found</span> <span class='ocrx_word' id='word_1_306' title='bbox 451 3102 489 3134; x_wconf 90' lang='lat' dir='ltr'>out</span> <span class='ocrx_word' id='word_1_307' title='bbox 498 3107 511 3134; x_wconf 86' lang='lat' dir='ltr'>a</span> <span class='ocrx_word' id='word_1_308' title='bbox 520 3097 559 3145; x_wconf 80' lang='lat' dir='ltr'>gift</span> <span class='ocrx_word' id='word_1_309' title='bbox 568 3097 601 3134; x_wconf 83' lang='lat' dir='ltr'>t‘or</span> <span class='ocrx_word' id='word_1_310' title='bbox 608 3107 645 3144; x_wconf 86' lang='lat' dir='ltr'>my</span> <span class='ocrx_word' id='word_1_311' title='bbox 654 3097 710 3142; x_wconf 61' lang='lat' dir='ltr'>fair:</span> <span class='ocrx_word' id='word_1_312' title='bbox 718 3098 757 3134; x_wconf 78' lang='lat' dir='ltr'>doc</span> 
     </span>
    </p>
   </div>
   <div class='ocr_carea' id='block_1_5' title="bbox 58 3162 981 3517">
    <p class='ocr_par' dir='ltr' id='par_1_23' title="bbox 58 3162 981 3232">
     <span class='ocr_line' id='line_1_42' title="bbox 58 3162 981 3232; baseline 0 -21"><span class='ocrx_word' id='word_1_313' title='bbox 58 3167 125 3211; x_wconf 79' lang='grc'>-79,</span> <span class='ocrx_word' id='word_1_314' title='bbox 144 3163 229 3210; x_wconf 86' lang='lat' dir='ltr'>Either</span> <span class='ocrx_word' id='word_1_315' title='bbox 240 3166 337 3223; x_wconf 83' lang='lat' dir='ltr'>longum</span> <span class='ocrx_word' id='word_1_316' title='bbox 347 3163 415 3217; x_wconf 84' lang='lat' dir='ltr'>(with</span> <span class='ocrx_word' id='word_1_317' title='bbox 425 3162 562 3220; x_wconf 84' lang='lat' dir='ltr'>protracted</span> <span class='ocrx_word' id='word_1_318' title='bbox 573 3163 660 3216; x_wconf 85' lang='lat' dir='ltr'>sound)</span> <span class='ocrx_word' id='word_1_319' title='bbox 672 3165 760 3223; x_wconf 81' lang='lat' dir='ltr'>inquit,</span> <span class='ocrx_word' id='word_1_320' title='bbox 771 3179 799 3210; x_wconf 94' lang='lat' dir='ltr'>or</span> <span class='ocrx_word' id='word_1_321' title='bbox 809 3165 908 3232; x_wconf 80' lang='lat' dir='ltr'>longam</span> <span class='ocrx_word' id='word_1_322' title='bbox 918 3165 981 3212; x_wconf 80' lang='lat' dir='ltr'>vole.</span> 
     </span>
    </p>

    <p class='ocr_par' dir='ltr' id='par_1_24' title="bbox 59 3221 981 3278">
     <span class='ocr_line' id='line_1_43' title="bbox 59 3221 981 3278; baseline 0.003 -9"><span class='ocrx_word' id='word_1_323' title='bbox 59 3223 114 3269; x_wconf 87' lang='lat' dir='ltr'>The</span> <span class='ocrx_word' id='word_1_324' title='bbox 127 3243 138 3269; x_wconf 89' lang='lat' dir='ltr'>e</span> <span class='ocrx_word' id='word_1_325' title='bbox 149 3225 172 3269; x_wconf 88' lang='lat' dir='ltr'>in</span> <span class='ocrx_word' id='word_1_326' title='bbox 184 3224 225 3269; x_wconf 80' lang='lat' dir='ltr'>the</span> <span class='ocrx_word' id='word_1_327' title='bbox 238 3222 327 3270; x_wconf 85' lang='lat' dir='ltr'>second</span> <span class='ocrx_word' id='word_1_328' title='bbox 338 3225 391 3269; x_wconf 80' lang='lat' dir='ltr'>tole</span> <span class='ocrx_word' id='word_1_329' title='bbox 406 3222 482 3277; x_wconf 88' lang='lat' dir='ltr'>short,</span> <span class='ocrx_word' id='word_1_330' title='bbox 495 3221 557 3268; x_wconf 85' lang='lat' dir='ltr'>lrom</span> <span class='ocrx_word' id='word_1_331' title='bbox 568 3221 609 3268; x_wconf 91' lang='lat' dir='ltr'>the</span> <span class='ocrx_word' id='word_1_332' title='bbox 620 3224 709 3269; x_wconf 76' lang='lat' dir='ltr'>bintus.</span> <span class='ocrx_word' id='word_1_333' title='bbox 719 3225 795 3268; x_wconf 89' lang='lat'>-80.</span> <span class='ocrx_word' id='word_1_334' title='bbox 816 3221 905 3278; x_wconf 78' lang='lat' dir='ltr'>Trrste,</span> <span class='ocrx_word' id='word_1_335' title='bbox 917 3222 981 3272; x_wconf 85' lang='lat' dir='ltr'>used</span> 
     </span>
    </p>

    <p class='ocr_par' dir='ltr' id='par_1_25' title="bbox 59 3280 980 3341">
     <span class='ocr_line' id='line_1_44' title="bbox 59 3280 980 3341; baseline 0.001 -12"><span class='ocrx_word' id='word_1_336' title='bbox 59 3283 248 3341; x_wconf 83' lang='lat' dir='ltr'>substantirely,</span> <span class='ocrx_word' id='word_1_337' title='bbox 262 3281 308 3328; x_wconf 93' lang='lat' dir='ltr'>and</span> <span class='ocrx_word' id='word_1_338' title='bbox 325 3281 463 3340; x_wconf 83' lang='lat' dir='ltr'>equivalent</span> <span class='ocrx_word' id='word_1_339' title='bbox 479 3292 505 3327; x_wconf 91' lang='lat' dir='ltr'>to</span> <span class='ocrx_word' id='word_1_340' title='bbox 521 3298 558 3327; x_wconf 77' lang='lat' dir='ltr'>res</span> <span class='ocrx_word' id='word_1_341' title='bbox 574 3283 661 3328; x_wconf 80' lang='lat' dir='ltr'>tristis.</span> <span class='ocrx_word' id='word_1_342' title='bbox 694 3280 792 3339; x_wconf 88' lang='lat' dir='ltr'>Zumpt,</span> <span class='ocrx_word' id='word_1_343' title='bbox 805 3280 819 3330; x_wconf 70' lang='lat' dir='ltr'>i</span> <span class='ocrx_word' id='word_1_344' title='bbox 830 3283 884 3327; x_wconf 80' lang='lat'><strong>368.</strong></span> <span class='ocrx_word' id='word_1_345' title='bbox 915 3284 980 3330; x_wconf 72' lang='lat' dir='ltr'>Aen,</span> 
     </span>
    </p>

    <p class='ocr_par' dir='ltr' id='par_1_26' title="bbox 59 3338 978 3402">
     <span class='ocr_line' id='line_1_45' title="bbox 59 3338 978 3402; baseline -0.003 -13"><span class='ocrx_word' id='word_1_346' title='bbox 59 3343 90 3389; x_wconf 80' lang='lat' dir='ltr'>iv.</span> <span class='ocrx_word' id='word_1_347' title='bbox 108 3346 160 3390; x_wconf 78' lang='lat'>570.</span> <span class='ocrx_word' id='word_1_348' title='bbox 172 3371 203 3379; x_wconf 90' lang='lat'><strong>—</strong></span> <span class='ocrx_word' id='word_1_349' title='bbox 212 3345 250 3388; x_wconf 77' lang='lat'>84.</span> <span class='ocrx_word' id='word_1_350' title='bbox 268 3342 315 3388; x_wconf 87' lang='lat' dir='ltr'>See</span> <span class='ocrx_word' id='word_1_351' title='bbox 331 3341 474 3402; x_wconf 80' lang='lat' dir='ltr'>Argument.</span> <span class='ocrx_word' id='word_1_352' title='bbox 486 3369 517 3379; x_wconf 93' lang='lat'><em>-</em></span> <span class='ocrx_word' id='word_1_353' title='bbox 527 3344 564 3387; x_wconf 82' lang='lat'>90.</span> <span class='ocrx_word' id='word_1_354' title='bbox 581 3340 629 3386; x_wconf 84' lang='lat' dir='ltr'>See</span> <span class='ocrx_word' id='word_1_355' title='bbox 645 3341 787 3400; x_wconf 82' lang='lat' dir='ltr'>Argumeat.</span> <span class='ocrx_word' id='word_1_356' title='bbox 798 3367 832 3378; x_wconf 94' lang='lat'>-</span> <span class='ocrx_word' id='word_1_357' title='bbox 839 3342 878 3386; x_wconf 80' lang='lat'>96.</span> <span class='ocrx_word' id='word_1_358' title='bbox 895 3338 978 3399; x_wconf 72' lang='lat' dir='ltr'>Rer&#39;oe,</span> 
     </span>
    </p>

    <p class='ocr_par' dir='ltr' id='par_1_27' title="bbox 58 3397 980 3517">
     <span class='ocr_line' id='line_1_46' title="bbox 58 3397 980 3466; baseline 0.001 -22"><span class='ocrx_word' id='word_1_359' title='bbox 58 3401 198 3448; x_wconf 83' lang='lat' dir='ltr'>contracted</span> <span class='ocrx_word' id='word_1_360' title='bbox 214 3400 250 3448; x_wconf 87' lang='lat' dir='ltr'>sor</span> <span class='ocrx_word' id='word_1_361' title='bbox 262 3403 387 3461; x_wconf 82' lang='lat' dir='ltr'>rejice-a</span> <span class='ocrx_word' id='word_1_362' title='bbox 401 3399 497 3448; x_wconf 84' lang='lat' dir='ltr'>natural</span> <span class='ocrx_word' id='word_1_363' title='bbox 512 3399 671 3466; x_wconf 76' lang='lat' dir='ltr'>contractiou,</span> <span class='ocrx_word' id='word_1_364' title='bbox 683 3398 816 3466; x_wconf 78' lang='lat' dir='ltr'>especially</span> <span class='ocrx_word' id='word_1_365' title='bbox 824 3397 852 3450; x_wconf 80' lang='lat' dir='ltr'>it,</span> <span class='ocrx_word' id='word_1_366' title='bbox 864 3412 893 3446; x_wconf 82' lang='lat' dir='ltr'>as</span> <span class='ocrx_word' id='word_1_367' title='bbox 908 3412 980 3459; x_wconf 71' lang='lat' dir='ltr'>som¹</span> 
     </span>
     <span class='ocr_line' id='line_1_47' title="bbox 117 3456 858 3517; baseline -0.003 -9"><span class='ocrx_word' id='word_1_368' title='bbox 117 3475 173 3517; x_wconf 83' lang='lat' dir='ltr'>ose,</span> <span class='ocrx_word' id='word_1_369' title='bbox 186 3459 246 3509; x_wconf 87' lang='lat' dir='ltr'>such</span> <span class='ocrx_word' id='word_1_370' title='bbox 258 3459 338 3509; x_wconf 86' lang='lat' dir='ltr'>words</span> <span class='ocrx_word' id='word_1_371' title='bbox 350 3473 416 3509; x_wconf 84' lang='lat' dir='ltr'>were</span> <span class='ocrx_word' id='word_1_372' title='bbox 426 3458 459 3507; x_wconf 85' lang='lat' dir='ltr'>all</span> <span class='ocrx_word' id='word_1_373' title='bbox 469 3457 592 3517; x_wconf 84' lang='lat' dir='ltr'>aucieutly</span> <span class='ocrx_word' id='word_1_374' title='bbox 602 3466 701 3506; x_wconf 84' lang='lat' dir='ltr'>wrrttsn</span> <span class='ocrx_word' id='word_1_375' title='bbox 712 3456 773 3505; x_wconf 85' lang='lat' dir='ltr'>wrtb</span> <span class='ocrx_word' id='word_1_376' title='bbox 783 3472 830 3506; x_wconf 87' lang='lat' dir='ltr'>one</span> <span class='ocrx_word' id='word_1_377' title='bbox 840 3456 858 3506; x_wconf 77' lang='grc' dir='ltr'><strong>ἰ</strong></span> 
     </span>
    </p>
   </div>
   <div class='ocr_carea' id='block_1_6' title="bbox 0 0 1048 3622">
    <p class='ocr_par' dir='ltr' id='par_1_28' title="bbox 0 0 1048 3622">
     <span class='ocr_line' id='line_1_48' title="bbox 0 0 1048 3622; baseline 0 0"><span class='ocrx_word' id='word_1_378' title='bbox 0 0 1048 3622; x_wconf 95' lang='lat' dir='ltr'> </span> 
     </span>
    </p>
   </div>
  </div>
 </body>
</html>
