2086 3622
430 140 522 180 arasa
543 139 606 179 vrrr.
921 122 980 178 333

129 269 301 338 Romanoque
315 268 370 322 foro
382 275 410 321 et
422 268 502 321 lautis
513 268 617 335 mugire
630 266 740 320 Carinis.

129 338 166 392 Ut
177 347 288 392 ventum
299 339 334 391 ad
347 338 441 390 sedes:
463 339 470 370 ‘
478 338 569 404 Haec,’
583 337 677 406 inquit,
693 336 800 389 ‘limina
811 335 895 388 victor

129 408 240 461 Alcides
252 408 340 476 subiit,
354 407 423 460 haec
435 406 512 459 illurn
525 406 597 474 regia
609 407 688 475 cepit.

128 477 216 546 Aude,
230 478 327 547 hospes
349 484 519 530 contemnere
532 492 604 544 opes,
618 484 645 528 ct
657 485 684 527 te
697 489 802 544 quoque
815 473 928 542 dignum

128 544 212 614 Finge
224 546 283 615 deo,
298 517 431 616 rebusque
444 546 507 598 veni
520 561 572 598 non
583 562 662 614 asper
674 544 788 614 egenis.²
928 547 978 595 ³6⁵

128 615 211 685 Dixit,
225 624 252 668 et
264 616 369 685 angusti
382 615 473 668 subter
484 614 590 682 fastigia
602 616 666 666 tecti

127 684 269 752 Ingentem
281 689 392 738 Aenean
405 684 488 750 duxit,
502 685 644 752 stratisque
656 683 753 736 locavit

128 754 262 807 Effultum
275 755 344 806 soliis
356 762 383 805 et
395 753 466 822 pelle
479 753 626 820 Libystidis
637 769 724 807 ursae.

162 825 223 876 Nox
237 824 295 891 ruit,
310 831 336 875 et
349 823 432 875 fuscis
445 822 569 890 tellurem
580 821 751 892 amplectitur
762 821 820 875 alis.
1033 879 1040 890 ‚

128 893 165 944 At
177 893 269 945 Venus
282 892 355 944 haud
367 892 457 945 animo
469 891 652 962 nequidquam
664 892 790 945 exterrita
801 899 896 961 mater,
927 893 979 943 370

127 961 346 1030 Laurentumque
358 961 439 1015 minis
450 969 477 1015 et
490 961 555 1014 duro
567 969 641 1015 mota
652 962 769 1015 tumultu

128 1031 276 1084 Volcanum
289 1031 438 1102 alloquitur,
452 1031 625 1099 thalamoque
637 1031 705 1084 haec
717 1030 838 1102 conjugis
849 1045 930 1084 aureo

128 1101 231 1169 Incipit,
246 1109 272 1152 et
285 1101 363 1153 dictis
374 1101 496 1154 divinum
508 1099 627 1170 adspirat
638 1116 773 1154 amorem:

130 1170 218 1221 ‘Dum
231 1170 300 1222 bello
312 1170 430 1237 Argolici
442 1171 583 1224 vastabant
595 1170 727 1238 Pergama
739 1186 818 1238 reges

127 1238 226 1291 Debita
238 1255 401 1308 casurasque
413 1238 529 1292 inimicis
540 1237 647 1307 ignibus
658 1255 742 1308 arces,
928 1241 979 1290 375

127 1309 189 1360 Non
201 1308 286 1361 ullum
298 1309 430 1361 auxilium
441 1307 555 1378 miseris,
570 1324 621 1360 non
633 1325 709 1361 arma
721 1308 811 1376 rogavi

128 1377 200 1430 Artis
212 1378 322 1447 opisque
336 1386 414 1447 tuae,
432 1395 484 1431 nec
496 1388 531 1448 te,
544 1376 683 1430 carissime
695 1377 819 1448 conjunx,

129 1448 304 1500 Incassumve
317 1456 377 1500 tuos
388 1447 461 1500 volui
473 1462 599 1500 exercere
614 1446 726 1517 labores,

128 1516 260 1573 Quamvis
272 1525 300 1569 et
311 1517 412 1570 Priami
424 1516 553 1570 deberem
565 1515 681 1586 plurima
692 1515 769 1586 natis,

128 1586 164 1638 Et
176 1586 274 1639 durum
285 1588 396 1640 Aeneae
408 1587 546 1640 flevissem
558 1603 639 1656 saepe
652 1585 779 1640 laborem.
929 1588 979 1638 380

128 1655 209 1708 Nune
221 1655 427 1727 Jovisimperiis
438 1656 596 1711 Rutulorum
608 1656 725 1710 constitit
736 1655 804 1710 oris:

128 1725 199 1793 Ergo
211 1725 309 1778 eadem
321 1727 436 1796 supplex
446 1726 532 1797 venio,
545 1735 573 1791 et
585 1734 708 1780 sanctum
720 1725 789 1780 milri
800 1741 903 1780 numen

128 1796 213 1847 Arma
224 1811 294 1865 rogo,
308 1797 430 1864 genetrix
442 1804 511 1849 nato.
548 1797 588 1848 Te
600 1796 657 1849 filia
668 1797 758 1864 Nerei,

129 1864 170 1915 Te
183 1864 267 1932 potuit
279 1864 396 1917 lacrimis
407 1865 531 1917 Tithonia
542 1865 652 1918 flectere
664 1865 788 1935 conjunx.

128 1933 237 2001 Aspice,
251 1934 297 2001 qui
310 1939 404 1986 coeant
416 1934 515 2004 populi,
528 1951 598 2004 quae
610 1935 718 1987 moenia
730 1934 829 1988 clausis
927 1935 979 1986 385

128 2000 242 2054 Ferrum
253 2011 351 2056 acuant
362 2003 444 2071 portis
456 2005 483 2055 in
496 2020 541 2056 me
553 2004 743 2073 excidiumque
755 2003 897 2058 meorum!

129 2071 246 2142 Dixerat,
260 2080 287 2125 st
299 2073 385 2125 niveis
397 2072 461 2125 hinc
470 2080 553 2141 atque
565 2071 629 2125 hinc
641 2074 705 2126 diva
717 2073 824 2126 lacertis
835 2068 838 2077 '

129 2142 307 2195 Cunctantem
319 2141 447 2212 amplexu
458 2142 532 2194 molli
545 2142 625 2194 fovet.
663 2142 711 2196 llle
724 2152 836 2210 repente

129 2211 243 2280 Accepit
256 2211 360 2264 solitam
374 2211 522 2280 flammam,
536 2220 668 2281 notusque
681 2210 814 2266 medullas

129 2280 240 2335 Intravit
252 2281 330 2351 calor,
343 2288 370 2334 et
382 2281 517 2335 labefacta
529 2298 577 2350 per
589 2297 650 2334 ossa
661 2281 793 2335 cucurrit:
929 2284 980 2334 390

128 2351 189 2404 Non
202 2367 281 2404 secus
292 2360 374 2420 atque
386 2351 421 2404 oli
473 2350 568 2404 tonitru
581 2368 645 2404 cum
657 2361 735 2432 rupta
746 2367 856 2407 corusco

129 2421 212 2489 ignea
224 2420 293 2474 rima
304 2421 409 2474 micans
419 2369 550 2491 &munit
561 2420 663 2474 lumine
675 2422 789 2476 nimbos.
846 2446 849 2453 ’

129 2490 216 2544 Sensit
227 2490 299 2544 laeta
310 2490 378 2543 dolis
389 2499 416 2544 et
428 2491 531 2544 fonnae
543 2491 650 2544 conscia
662 2491 785 2562 conjunx.
864 2503 876 2527 ·’

129 2560 200 2613 Tum
211 2569 287 2630 pater
298 2568 407 2614 aeterno
419 2561 490 2614 fatur
502 2560 644 2615 devinctus
655 2578 761 2616 amore:

130 2629 215 2688 ‘Quid
227 2645 324 2682 causas
335 2631 404 2699 petis
416 2648 451 2684 ex
462 2631 537 2684 altot
555 2629 654 2684 fiducia
664 2632 746 2685 cessit
927 2633 979 2684 393

128 2697 187 2756 Quo
199 2698 256 2767 tibi,
269 2698 339 2766 diva,
352 2699 428 2753 meii
462 2700 566 2753 Similis
575 2701 598 2752 si
610 2717 674 2752 cura
686 2701 789 2769 luisset,

128 2767 199 2821 Tum
211 2784 317 2836 quoque
330 2768 372 2821 las
382 2768 459 2822 nobis
471 2770 590 2822 Teucros
600 2785 706 2822 armare
719 2769 823 2834 suisset,

128 2837 189 2891 Nec
200 2837 280 2890 Pater
291 2837 460 2907 omnipotens
472 2837 580 2908 Trojam
592 2854 644 2890 neo
656 2837 711 2891 lata
723 2838 852 2892 vetabant

88 2999 141 3046 361.
160 2996 269 3055 Carinis,
282 2999 396 3045 between
407 2996 449 3045 tho
462 2995 581 3053 Palatino,
593 2996 729 3056 Esquiline.
743 2997 791 3046 and
803 2996 906 3048 Caelian
915 2999 982 3050 bille.

56 3060 147 3105 -36a
164 3057 243 3104 Satur
255 3058 288 3116 by
298 3057 341 3104 the
352 3057 421 3104 arsis.
429 3059 519 3104 -368.
536 3055 679 3118 Libystidis.
711 3057 759 3105 See
775 3066 800 3106 at
811 3073 835 3106 v.
846 3061 921 3109 37.-
929 3063 982 3109 372.

56 3115 148 3172 Aureo,
161 3131 177 3163 a
186 3115 436 3174 dissyllabis-375.
453 3116 547 3172 Debita,
560 3115 673 3164 destined
683 3125 709 3164 to
719 3116 863 3166 salt-ass.
879 3117 980 3175 Thetis,

57 3174 106 3225 dau
124 3175 180 3223 liter
189 3174 218 3223 of
231 3175 273 3222 the
284 3175 386 3237 sea-god
400 3175 508 3233 Nereus,
521 3174 570 3224 bad
580 3175 694 3223 obtained
705 3175 767 3226 srom
778 3175 875 3225 Vulcan
885 3190 983 3227 armour

57 3232 96 3284 for
106 3191 150 3283 ber
160 3235 338 3303 sonAchillcs,
352 3235 399 3284 and
410 3236 509 3284 Aurora
522 3242 574 3290 (see
590 3243 613 3283 at
626 3235 657 3283 iv.
670 3239 725 3292 585)
742 3236 778 3285 ior
788 3235 833 3284 her
842 3252 888 3284 son
899 3235 981 3304 Mern-

57 3308 115 3345 που.
146 3293 195 3342 See
205 3309 222 3341 r.
233 3296 383 3342 tua-398.
402 3294 493 3357 Troy’s
509 3293 583 3345 duom
597 3293 671 3345 could
681 3305 723 3344 not
740 3298 770 3344 be
786 3294 895 3353 averted,
907 3295 980 3347 butu

57 3352 137 3416 m'gbt
148 3353 211 3403 bavo
221 3355 285 3402 beon
295 3353 439 3415 postponet.

160 3416 220 3466 28*
492 3376 575 3468 ”a
