2078 3622
447 176 596 219 AENEIDOS

135 307 258 361 Herculis
272 310 386 362 Antoren
398 307 533 373 comitem,
547 308 591 375 qui
604 308 705 360 missus
716 308 752 361 ab
764 307 845 377 Argis

135 379 263 430 Haeserat
276 378 407 443 Evandro,
420 386 502 444 atque
515 377 581 427 ltala
593 377 749 431 consederat
762 378 837 431 urbe.

81 458 89 473 ¹
135 448 262 499 Sternitur
275 447 366 499 infelix
377 447 464 497 alieno
478 446 595 513 vulnere,
609 446 768 515 coelumque

135 518 245 585 Aspicit,
259 526 286 568 et
298 516 386 568 dulcis
399 516 513 567 moriens
528 516 703 567 reminiscitur
716 520 809 583 Argos.

134 587 203 637 Tum
217 587 276 654 pius
289 588 395 637 Aeneas
409 584 512 635 hastam
524 584 604 652 jacit,
624 586 669 635 illa
683 602 728 651 per
740 586 830 637 orbem

133 659 204 707 Aere
216 671 312 706 cavum
326 654 429 721 triplici,
443 670 490 722 per
502 653 573 705 linea
587 664 666 721 terga,
680 654 819 722 tribusque

133 725 246 775 Transiit
259 724 391 775 intertum
405 724 486 774 tauris
498 738 572 791 opus,
587 724 694 791 imaque
707 724 776 775 sedit

133 792 262 860 laguine,
281 792 328 843 sed
341 792 412 843 vires
424 792 494 843 haud
508 792 626 859 pertulit.
663 794 743 845 Ocius
756 809 851 845 ensem

132 864 248 929 Aeneas,
261 861 318 912 riso
330 861 460 930 Tyrrheni
474 861 603 927 sanguine
617 861 709 929 laetus,

134 930 218 999 Eripit
229 947 246 981 a
258 930 367 992 lemine,
381 938 408 981 et
421 930 561 999 trepidanti
576 929 695 983 fervidus
707 931 796 983 instat.

133 998 265 1067 ingemuit
278 1001 332 1051 cari
344 1000 459 1066 graviter
470 1000 598 1067 genitoris
609 1016 707 1066 amore,

132 1068 168 1120 Ut
181 1068 254 1137 vidit,
269 1069 378 1136 Lausus,
392 1068 572 1136 lacrimaeque
585 1086 688 1137 perora
701 1067 817 1120 volutae.

167 1139 218 1189 Hic
230 1139 322 1189 mortis
334 1137 416 1189 durae
429 1154 521 1190 casum
535 1148 634 1206 tuaque
647 1138 748 1207 optima
760 1137 838 1207 lacta,

132 1207 157 1259 si
171 1225 223 1276 qua
235 1206 316 1260 sidem
331 1216 402 1259 tanto
415 1216 456 1259 est
468 1208 540 1276 operi
555 1207 639 1259 latura
651 1216 778 1275 vetustas,

131 1278 191 1329 Non
204 1277 338 1345 equidem,
352 1286 450 1344 necte,
462 1276 568 1345 juvenis
581 1276 761 1343 memorande,
775 1275 870 1329 silebo.

168 1346 214 1397 llle
228 1348 326 1413 pedem
340 1346 457 1397 reserens
470 1355 497 1397 et
511 1346 611 1397 inutilis
624 1346 704 1414 inque
717 1345 815 1413 ligatus

132 1415 259 1482 Cedebat,
273 1415 411 1483 clipeoque
425 1415 562 1467 inimicum
575 1415 670 1466 hastile
684 1414 815 1466 trahebat.
929 1416 982 1467 795

132 1484 261 1552 Proripuit
269 1484 375 1553 juvenis
386 1501 500 1552 seseque
514 1484 659 1536 immiscuit
672 1484 760 1551 armis,

131 1554 245 1621 Jamque
257 1555 421 1619 assurgentis
433 1553 526 1605 dextra
539 1554 698 1621 plagamque
711 1552 821 1605 serentis
849 1578 852 1583 ·

131 1624 241 1674 Aeneae
254 1622 334 1674 subiit
346 1638 509 1687 mucronem,
523 1622 667 1689 ipsumque
680 1622 806 1674 morando

132 1690 274 1757 Sustinui13
293 1690 357 1741 socii
369 1707 466 1757 magno
479 1690 595 1742 clamore
608 1700 763 1760 sequuntur,

133 1760 202 1810 Dum
216 1760 319 1825 genitor
331 1761 385 1811 nati
397 1776 490 1827 parma
502 1768 636 1828 protectus
648 1760 742 1828 abiret,

132 1829 252 1895 Telaque
265 1827 415 1897 conjiciunt,
429 1830 635 1897 proturbantque
646 1830 754 1882 eminus
765 1828 871 1881 hostem

132 1897 294 1950 Missilibus.
329 1897 402 1950 Furit
415 1902 529 1967 Aeneas,
544 1908 684 1967 tectusque
698 1906 771 1951 tenet
782 1915 821 1951 se.

133 1971 174 2019 Ac
187 1966 259 2018 velut
273 1967 359 2019 ellusa
372 1968 393 2018 si
406 1968 512 2035 quando
524 1968 653 2036 grandine
665 1968 750 2020 nimbi

134 2036 320 2105 Praecipitant,
333 2038 420 2088 omnis
432 2038 536 2106 campis
548 2037 652 2104 diffugit
664 2046 757 2105 arator,

133 2105 228 2157 Omnis
240 2114 266 2156 et
279 2106 403 2173 agricola,
417 2115 444 2158 et
458 2115 513 2157 tuta
526 2106 592 2157 latet
604 2122 664 2157 arce
678 2106 770 2174 viator,
933 2106 985 2157 805

134 2175 188 2225 Aut
201 2176 288 2225 amnis
300 2176 370 2243 ripis,
383 2183 430 2226 aut
442 2176 489 2226 alti
503 2175 602 2226 fornice
615 2174 680 2243 saxi,

134 2241 205 2294 Dum
218 2242 283 2311 pluit
296 2244 323 2295 in
336 2245 418 2311 terris,
431 2252 460 2296 ut
472 2245 573 2312 possint
586 2243 641 2295 sole
655 2243 764 2295 reducto

135 2312 267 2363 Exercere
280 2312 352 2364 diem
362 2312 378 2364 τ’
388 2313 426 2364 sic
439 2313 549 2364 obrutus
559 2312 679 2379 undique
692 2312 755 2364 telis

134 2382 243 2432 Aeneas
255 2380 356 2433 nubem
368 2381 440 2450 belli,
455 2380 520 2433 dum
533 2380 641 2433 detonet
654 2381 749 2449 omnis,

135 2447 260 2515 Sustinet,
276 2459 302 2499 et
315 2450 432 2501 Lausum
445 2450 585 2518 increpitat
597 2450 738 2516 Lausoque
750 2448 867 2501 minatur
875 2464 884 2519 3
934 2451 986 2502 81⁰

137 2516 210 2574 ‘Quo
224 2518 349 2568 moriture
361 2518 421 2586 ruis,
436 2516 590 2586 majoraque
602 2518 703 2569 viribus
717 2516 823 2569 audes?

138 2585 218 2638 Fallit
232 2594 257 2637 te
270 2586 407 2638 incautum
420 2586 506 2654 pietas
518 2587 581 2638 tua)
617 2587 676 2638 Nec
689 2585 780 2637 minus
792 2584 838 2639 ille

136 2655 258 2707 Exsultat
271 2654 399 2723 demens,
420 2671 516 2707 saevae
528 2655 639 2725 jamque
651 2654 733 2707 altius
745 2655 800 2707 irae
862 2684 868 2697 =

135 2724 267 2777 Imrdanio
279 2732 389 2793 surgunt
402 2723 512 2792 ductori,
526 2740 702 2793 extremaque
715 2724 803 2777 Lauso
923 2770 928 2781 .

137 2794 236 2846 Parcae
249 2794 293 2846 fila
305 2794 413 2862 legunt,
433 2794 550 2847 validum
561 2811 679 2863 namque
692 2794 775 2862 exigit
788 2809 884 2847 ensem
936 2794 987 2847 815

138 2864 187 2915 Per
200 2863 320 2915 medium
334 2868 441 2916 Aeneas
452 2862 588 2932 juvenem,
602 2872 741 2932 totumque
754 2862 884 2915 recondit.

136 2932 250 2983 Transiit
262 2942 289 2984 et
302 2950 422 3001 parmam
436 2950 535 3001 mucro,
550 2932 620 2985 levia
632 2948 707 2985 arma
719 2932 841 3001 minacis,

138 3002 171 3051 Et
185 3002 310 3069 tunicam,
325 3003 397 3054 molli
411 3011 497 3054 mater
509 3019 592 3070 quam
605 3009 714 3054 neverat
727 3018 800 3070 auro,

138 3069 316 3137 Implevitqne
330 3072 416 3123 sinum
430 3072 545 3140 sanguis,
559 3080 618 3123 tum
631 3071 685 3123 vita
697 3087 747 3139 per
758 3086 839 3123 auras

137 3139 274 3190 concessit
287 3149 390 3191 moesta
402 3140 435 3192 ad
449 3141 547 3208 Manis,
560 3156 710 3208 corpusque
723 3139 838 3209 reliquit.
938 3138 990 3191 82⁰

138 3211 174 3262 At
186 3224 248 3259 vero
261 3217 291 3260 ut
302 3208 407 3260 vultum
420 3208 486 3260 vidit
500 3211 640 3262 morientis
651 3219 678 3261 et
690 3225 745 3276 ora,

100 3351 154 3397 ret.
174 3348 320 3408 Coelumqne,
343 3349 430 3397 elision
451 3349 532 3398 before
554 3350 758 3411 aspicia-eoa.
780 3346 919 3411 Pectusque,
939 3344 991 3403 be,

73 3404 121 3454 See
133 3418 156 3455 ut
168 3410 315 3457 tta-804.
333 3408 506 3469 Praecipitant.
539 3408 587 3455 See
598 3419 621 3455 ut
634 3409 649 3455 i.
660 3410 713 3463 234,
726 3407 757 3458 ix.
770 3410 823 3456 670.
980 3406 984 3417 '
