2078 3622
75 183 131 236 434
456 197 617 236 nanninus.

141 325 314 392 Dardanides,
329 325 435 395 teloque
449 324 533 394 sequi,
547 341 627 392 quem
642 324 772 393 prendere
784 341 864 378 cursu
946 333 997 382 775

140 397 199 449 Non
213 405 322 465 poterat.
359 396 429 447 Tum
442 411 505 446 vero
517 411 612 445 amens
625 394 764 446 lorrnidiue
777 396 891 465 Turnus,

142 466 254 533 ‘Faune,
266 482 364 534 precor,
375 464 520 532 miserere,'
535 465 625 532 inquit,
642 469 741 533 ‘tuque
753 466 855 533 optima
867 465 968 521 ferrum

140 534 223 587 Terra
236 544 306 603 tene,
320 534 390 587 colui
403 542 504 585 vestros
517 533 537 584 si
551 551 657 602 semper
670 533 790 602 honores,

139 604 212 663 Quos
224 613 313 656 contra
326 602 472 656 Aeneadae
484 603 555 655 bello
568 603 657 654 secere
671 603 812 671 profanos.²

139 675 219 742 Dixit,
233 690 366 742 opemque
379 672 422 724 dei
435 688 486 725 non
499 689 576 724 cassa
589 673 616 724 in
628 683 689 724 vota
702 674 816 725 vocavit.
944 680 996 729 780

138 744 272 811 Namque,
287 743 331 794 diu
344 743 449 795 luctans
461 742 586 811 lentoque
600 742 625 793 in
639 744 720 811 stirpe
734 752 858 813 moratus,

138 813 244 865 Viribus
256 812 328 865 haud
343 812 403 864 ullis
416 810 499 863 valuit
512 811 664 863 discludere
677 829 783 864 morsus

137 881 248 935 Roboris
260 885 375 935 Aeneae.
413 882 484 934 Dum
497 880 588 932 nititur
600 898 662 932 acer
674 888 701 932 et
714 882 799 952 instat,

138 953 238 1003 Rursus
251 953 277 1003 in
291 952 399 1019 aurigae
412 950 511 1003 faciem
525 960 628 1002 mutata
640 951 748 1002 Metisci

137 1021 268 1073 Procurrit
282 1020 408 1090 fratrique
421 1037 515 1072 ensem
528 1020 580 1072 dea
593 1020 697 1072 Daunia
709 1020 805 1072 reddit.
943 1027 994 1076 785

137 1089 214 1148 Quod
227 1091 319 1169 Yenus
331 1088 428 1142 audaci
440 1089 586 1212 Nymphae
598 1089 839 1169 indignatalicere,

136 1163 269 1227 Accessit,
283 1159 421 1230 telumque
433 1159 516 1211 altaa
548 1158 638 1211 radice
651 1159 763 1212 revellrt.

136 1229 187 1282 Olli
200 1229 331 1283 sublimes
352 1229 435 1282 armis
446 1229 597 1299 animisque
611 1228 711 1298 refecti,

135 1299 186 1351 Hic
198 1299 286 1366 gladio
298 1269 392 1369 fidens,
406 1299 451 1351 hic
463 1315 525 1351 acer
537 1308 565 1351 et
576 1299 677 1351 arduus
689 1298 774 1370 hasta,

136 1368 279 1422 Adsistunt
291 1378 384 1422 contra
395 1369 541 1421 certamine
555 1368 651 1422 Martis
662 1369 761 1422 anheli.
941 1375 992 1424 790

170 1439 185 1490 J
188 1454 304 1491 urionem
316 1439 418 1490 interea
429 1438 488 1491 Rex
500 1438 689 1508 omnipotentis
700 1438 809 1509 Olympi

137 1507 295 1577 Alloquitur,
309 1507 384 1561 lulva
395 1524 500 1577 pugnas
511 1508 545 1559 de
558 1508 631 1561 nubo
643 1516 780 1561 tuentem:

138 1577 227 1636 ‘Quae
238 1576 294 1646 jam
306 1578 368 1630 finis
380 1577 436 1646 erit,
450 1577 586 1647 conjunxi
605 1577 669 1647 quid
682 1577 799 1647 denique
812 1579 915 1633 restat?

136 1647 286 1713 Indigetem
300 1650 411 1700 Aenean
425 1647 478 1698 scis
491 1648 555 1715 ipsa,
570 1656 597 1698 et
610 1647 678 1699 scire
691 1647 790 1717 fateris,

136 1715 234 1768 Deberi
247 1715 329 1784 coelo,
344 1715 459 1785 latisque
471 1715 507 1768 ad
519 1714 608 1767 sidera
620 1716 685 1768 tolli.
941 1723 991 1771 795

136 1784 204 1842 Quid
220 1785 319 1837 struis?
338 1798 384 1837 out
399 1802 452 1853 qua
465 1802 512 1854 spe
525 1785 621 1852 gelidis
634 1786 661 1838 in
674 1784 792 1843 nubibus
804 1786 922 1842 haeresi

135 1854 271 1907 Mortalin’
285 1855 377 1907 decuit
389 1855 481 1907 violari
494 1856 605 1909 vulnere
617 1855 734 1909 ‹livuml

135 1927 190 1977 Aut
203 1924 398 1993 ensem—quid
411 1926 484 1978 enim
498 1926 555 1977 sine
568 1934 594 1978 te
606 1927 719 1979 Juturua
732 1924 832 1978 valeret
840 1925 890 1978 ‘l-

136 1994 265 2062 Ereptum
279 1994 354 2047 reddi
366 1996 465 2065 Turno,
480 2002 506 2047 et
519 1995 574 2048 vim
586 2012 708 2048 crescere
721 1994 817 2048 victis?

136 2064 235 2116 Desine
247 2063 304 2132 jam
317 2065 435 2133 tandem,
449 2065 629 2135 precibusque
642 2064 781 2118 inflectere
792 2065 890 2118 nostris
897 2083 905 2136 3
942 2071 992 2120 800

135 2133 195 2185 Nec
207 2143 234 2185 te
248 2144 337 2186 tantus
349 2135 411 2186 edat
425 2134 533 2186 tacitam
548 2134 628 2203 dolor,
642 2144 669 2187 et
681 2132 748 2187 milri
760 2151 841 2187 curae

135 2202 221 2271 Saepe
235 2212 280 2256 tuo
293 2203 365 2256 dulci
379 2204 468 2256 tristes
481 2221 514 2256 ex
527 2220 572 2256 ore
585 2211 728 2257 recursent.

135 2271 253 2326 Ventum
265 2272 300 2325 ad
312 2290 470 2342 supremum
483 2283 532 2326 est.
569 2274 658 2326 Terris
670 2273 771 2341 agitare
783 2273 828 2326 vel
842 2274 923 2329 undis

135 2342 264 2412 Trojanos
276 2343 391 2412 potuisti,
406 2343 546 2396 infandum
559 2344 709 2396 accendere
722 2342 832 2413 bellum,

135 2412 291 2465 Deformare
303 2412 422 2481 domum,
433 2422 460 2464 et
473 2413 546 2465 luctu
560 2413 673 2466 miscere
686 2413 868 2482 hymenaeos:
941 2419 992 2468 805

134 2480 253 2534 Ulterius
265 2490 368 2534 tentare
381 2482 461 2534 veto)
498 2482 541 2535 Sic
553 2483 656 2550 Jupiter
669 2498 758 2552 orsus3

135 2549 177 2603 Sic
189 2551 242 2603 dea
254 2549 387 2603 submisso
400 2563 492 2603 contra
504 2552 626 2611 Saturnio
639 2551 728 2604 vultu:

137 2621 207 2672 ‘Ista
220 2620 329 2690 quidem
343 2619 407 2690 quia
420 2628 481 2672 nota
493 2620 559 2675 mihi
572 2629 625 2701 tua,
640 2638 745 2690 magne,
758 2621 893 2693 voluntas,
913 2618 916 2623 ⁴

135 2690 245 2759 Jupiter,
260 2701 287 2743 et
300 2691 420 2743 Turnum
434 2699 460 2742 et
469 2701 557 2747 terras
570 2691 652 2744 invita
665 2691 759 2760 reliqui
766 2708 775 2760 3

136 2761 194 2811 Nec
208 2770 235 2812 tu
249 2777 293 2812 me
306 2761 378 2813 aeria
390 2760 476 2815 solam
489 2778 559 2815 nnnc
572 2762 637 2813 sede
650 2760 759 2813 videres
942 2766 993 2817 810

136 2829 223 2896 Digna
236 2829 344 2897 indigna
356 2831 419 2899 pati,
434 2831 481 2882 sed
495 2831 613 2883 flammis
625 2831 712 2883 cincta
724 2829 775 2883 sub
787 2829 846 2899 ipsa

136 2899 238 2950 Starem
251 2899 310 2950 acie
323 2901 513 2968 traheremque
527 2900 636 2953 inimica
649 2900 674 2952 in
707 2899 789 2952 roella
800 2900 929 2955 Teucros.

135 2968 275 3020 Juturnam
288 2969 393 3037 misero,
408 2969 499 3033 fateor,
514 2986 669 3022 succurrere
682 2918 757 3022 llatn

135 3037 218 3104 Suasi,
232 3045 258 3089 et
272 3054 317 3106 pro
330 3039 384 3090 vita
397 3038 498 3107 majora
509 3039 610 3091 audere
622 3039 732 3109 probavi
739 3055 747 3106 5

135 3106 196 3159 Non
208 3115 237 3158 ut
250 3107 303 3158 tela
317 3114 416 3177 tamen,
430 3125 482 3161 non
496 3119 524 3161 ut
536 3109 711 3161 contenderet
723 3124 836 3179 aroum5
943 3114 992 3163 815

94 3267 148 3312 779.
165 3263 297 3324 Prosanos,
316 3268 468 3314 tro-794.
487 3266 561 3314 Alter
576 3265 614 3314 his
630 3265 714 3321 death,
728 3266 758 3313 he
771 3281 823 3315 was
839 3268 932 3317 worshr
949 3266 994 3328 pcd

64 3338 91 3373 us
108 3322 149 3370 the
166 3322 263 3380 Jupiter
279 3322 387 3385 indiges,
401 3326 443 3371 the
459 3341 573 3384 supremo
591 3325 652 3373 local
669 3324 736 3385 deity
759 3324 815 3375 Lia.
827 3325 843 3375 i.
854 3330 878 3376 2.
909 3284 993 3377 hdnce

64 3383 153 3435 arvum.
172 3385 322 3431 ror-rer.
348 3383 490 3440 irrisione,
504 3385 536 3432 ur.
554 3388 706 3435 ora-ror.
731 3360 849 3447 ararim
864 3402 880 3435 a
894 3384 982 3437 turn.-

65 3442 117 3489 θοι.
136 3439 185 3487 Noc
196 3456 280 3487 corrcrs
293 3441 351 3488 iroth
365 3445 416 3488 erint
429 3443 475 3489 und
489 3453 618 3499 recurrent,
632 3444 716 3503 giving
728 3451 748 3489 rt
760 3443 802 3491 tlre
814 3444 880 3493 force
892 3444 921 3493 ol
933 3462 984 3494 neo.
