2086 3622
439 160 598 199 Anxurnas

126 288 259 340 Invictum
272 288 430 357 Ignipotens
444 296 525 356 atque
537 303 596 339 oras
607 286 703 341 ambiit
714 302 788 341 auro.

125 358 245 410 Crastina
257 358 309 425 lux,
324 375 385 410 mea
397 358 419 409 si
431 373 481 408 nou
496 357 567 408 irrita
578 356 651 408 dicta
662 358 770 426 putaris,

125 427 243 493 lugentis
256 428 368 480 Rutulae
382 426 511 494 spectabit
524 425 615 478 caedis
627 428 755 479 acervos!
933 433 984 483 215

126 498 248 563 Dixerat,
267 514 301 548 cx
312 495 406 547 dextra
418 495 561 546 discedens
573 494 677 563 impulit
688 494 780 565 altam,

125 565 203 617 Haud
216 566 307 628 ignara
319 565 398 631 modi,
413 564 538 632 puppim:
558 564 625 631 fugit
637 564 682 616 illa
694 581 741 632 per
753 566 843 617 undas

125 636 202 685 Ocior
215 646 241 685 et
252 633 339 701 jaculo
352 642 379 685 et
392 642 485 685 ventos
496 641 629 701 aequante
642 634 746 701 sagitta.

126 704 192 754 Inde
204 702 273 753 aliae
285 702 401 754 celerant
414 719 515 754 cursus.
552 702 644 770 Stupet
656 702 755 756 inscius
766 704 825 783 ipse

126 772 191 823 Tros
203 771 396 838 Anchisiades,
414 772 518 822 animos
530 780 620 824 tamen
633 771 721 824 omine
733 772 811 826 tollit.
930 779 983 827 250

125 840 195 892 ¹'l‘um
210 841 323 892 breviter
335 858 431 909 supera
442 839 603 908 adspectans
615 857 734 894 convexa
747 849 891 911 precatur:

128 910 223 961 ‘Alma
235 926 332 978 parens
345 909 425 961 Idaea
437 909 527 975 deum,
542 909 586 960 cui
599 909 733 979 Dindyma
744 912 819 964 cordi

125 979 335 1046 Turrigeraequc
348 979 429 1031 urbes
441 979 579 1046 biiugique
593 978 627 1031 ad
640 979 715 1031 irena
726 980 826 1049 leones,

125 1048 166 1099 Tu
180 1048 247 1100 mihi
259 1065 329 1099 nunc
341 1064 447 1116 pugnae
458 1047 589 1116 princeps,
603 1056 631 1100 111
644 1048 694 1100 rite
705 1048 868 1118 propinques

125 1117 282 1185 Augurium,
293 1116 495 1185 Phrygibusque
509 1116 582 1168 adsis
594 1117 671 1184 pede,
681 1118 742 1169 aira
760 1118 900 1172 secundo)
929 1124 981 1172 255

125 1186 243 1238 Tantum
255 1185 361 1237 effatus.
399 1187 434 1237 Et
448 1187 550 1238 interea
564 1186 682 1238 revoluta
694 1156 789 1239 ruebat

125 1255 232 1307 illatura
244 1254 299 1323 jam
312 1255 372 1306 luce
385 1254 450 1323 dies,
465 1264 626 1322 noctemque
638 1255 757 1323 iugarat:

125 1324 258 1392 Principio
271 1324 349 1376 sociis
361 1323 451 1391 edicit,
466 1323 542 1391 sigua
554 1333 706 1392 sequautur,

125 1395 216 1461 Atque
227 1394 332 1445 animos
343 1400 435 1461 aptent
447 1394 537 1459 armis,
551 1409 711 1462 pugnaeque
722 1400 819 1462 parent
831 1410 870 1448 se.

124 1462 238 1529 Jamque
251 1463 279 1513 111
291 1470 436 1530 conspectu
448 1462 565 1513 Teucros
577 1461 659 1515 habet
671 1470 698 1514 et
711 1478 761 1514 sua
772 1471 869 1534 castra,
927 1469 980 1518 21111
1014 1510 1017 1516 .

125 1530 202 1581 Stans
214 1532 287 1582 celsa
300 1532 326 1582 iu
339 1532 436 1599 puppi:
457 1531 575 1599 clipeum
587 1547 650 1584 curn
662 1530 760 1584 deinde
772 1531 881 1586 sinistra

125 1599 228 1651 Extulit
240 1600 388 1651 ardentem.
425 1599 577 1652 Clamorem
589 1600 625 1652 ad
637 1600 725 1652 sidera
737 1600 835 1655 tollunt

125 1667 292 1720 Dardanidae
305 1684 320 1718 e
334 1668 418 1719 muris
425 1684 432 1735 3
451 1684 513 1736 spes
524 1669 615 1721 addita
626 1669 737 1721 suscitat
747 1668 802 1723 iras
809 1686 818 1740 ;

125 1737 191 1788 Tela
203 1753 285 1787 manu
297 1735 412 1803 jaciunt:
431 1737 526 1804 quales
538 1738 589 1790 sub
602 1738 717 1791 nubibus
727 1738 793 1791 atris

125 1805 291 1875 Strymoniae
304 1805 367 1857 dant
381 1805 456 1872 signa
467 1823 553 1875 grues,
567 1814 648 1875 atqua
659 1807 770 1861 aethera
783 1814 890 1863 tranant
927 1813 980 1863 265

124 1875 193 1927 Cum
205 1875 300 1942 sonitu,
315 1874 473 1943 fugiuntque
485 1877 569 1928 Notos
580 1876 698 1929 clamore
710 1876 839 1932 secundo.

124 1946 160 1996 At
173 1944 269 1997 Rutulo
283 1945 337 2012 regi
351 1944 518 2012 ducibusque
530 1960 564 1995 ea
575 1946 642 1997 mira
652 1944 739 1999 videri

125 2014 257 2082 Ausoniis,
271 2015 355 2065 donoc
369 2030 460 2065 versas
471 2013 505 2064 ad
518 2013 593 2065 litora
605 2012 703 2083 puppis

124 2083 287 2151 Respiciuut,
302 2092 440 2150 totumque
452 2082 533 2133 allabi
546 2083 677 2135 classibus
688 2098 799 2152 aequor.

123 2152 208 2203 Ardet
220 2169 290 2219 apex
301 2152 390 2219 capiti,
404 2152 542 2219 cristisque
554 2169 571 2202 a
583 2152 682 2203 vertice
693 2152 808 2207 flamma
926 2156 979 2209 ato

125 2219 262 2288 Funditur,
277 2229 304 2271 et
317 2229 405 2272 vastos
416 2220 497 2272 umbo
510 2221 593 2272 vomit
605 2237 703 2273 aureus
715 2220 799 2288 ignis:

124 2288 185 2340 Non
198 2306 284 2356 sccuS,
298 2306 331 2339 ac
343 2289 443 2357 liquida
455 2290 479 2341 si
491 2288 597 2357 quando
609 2302 687 2341 nocte
699 2298 824 2343 cometae

125 2357 265 2424 Sanguinei
279 2358 391 2424 lugubre
405 2358 506 2426 rubent,
519 2365 566 2410 aut
579 2358 661 2411 Sirius
672 2358 756 2428 ardor,

125 2425 173 2476 llle
187 2426 258 2478 sitim
271 2426 431 2494 morbosque
444 2426 534 2478 ferens
546 2428 703 2482 mortalibus
714 2427 811 2498 aegris,

124 2494 251 2545 Nascitur
263 2503 290 2545 et
303 2494 379 2545 laevo
392 2496 527 2546 contristat
540 2495 641 2548 lumine
654 2497 770 2550 coelum.
927 2502 979 2554 att

159 2562 238 2615 Haud
251 2571 341 2614 tamen
354 2561 450 2614 audaci
462 2563 550 2615 Turno
563 2565 663 2619 fiducia
673 2566 755 2619 cessit

124 2632 213 2684 Litora
226 2632 388 2701 praecipere,
403 2641 430 2684 et
442 2633 573 2685 venientis
585 2635 686 2703 pellere
699 2643 778 2688 terra.

124 2702 199 2755 Ultro
211 2703 314 2754 animos
327 2701 393 2754 tollit
406 2701 491 2770 dictis,
504 2712 585 2772 atque
599 2705 717 2773 increpat
731 2704 814 2757 ultro:

128 2772 218 2830 ‘Quod
233 2772 301 2825 votis
312 2772 431 2841 optastis,
444 2771 527 2843 adest,
541 2772 704 2842 perfringere
716 2774 820 2827 dextra.

125 2842 155 2893 In
168 2843 292 2895 manibus
303 2844 379 2895 Mars
392 2843 456 2911 ipsc,
470 2842 528 2894 viri.
563 2843 643 2896 Nunc
655 2842 777 2913 conjugis
789 2852 850 2897 esto
928 2848 981 2901 2511

125 2911 244 2980 Quisque
258 2929 322 2963 suae
336 2914 453 2980 tectique
466 2929 569 2964 memor
577 2929 584 2979 ς
602 2930 672 2965 nuuc
686 2929 783 2981 magna
795 2912 898 2967 referto

126 2979 216 3047 Facta,
229 2990 333 3047 patrum
348 2981 466 3033 laudes..
485 2980 560 3034 Ultro
572 2998 743 3034 occurramus
755 2982 790 3035 ad
803 2980 917 3055 undam,

86 3135 138 3177 252.
156 3127 361 3182 Deum‚dcorum.
393 3129 473 3175 Idaea.
506 3131 697 3180 81111111116211.
728 3131 878 3241 Diodgzteo..t
893 3134 983 3186 Sam

56 3189 89 3236 ix.
97 3193 149 3235 618.
174 3188 221 3235 Cui
230 3188 302 3234 cordi.
328 3186 374 3232 See
384 3196 407 3233 111
415 3188 455 3233 vii.
463 3191 514 3234 326.
521 3195 608 3239 -253,
624 3191 775 3258 Turrigeras.
884 3194 983 3245 th·

56 3252 146 3295 -258,
159 3248 193 3294 Ut
204 3254 344 3306 sequantur.
352 3247 441 3290 -265,
453 3244 574 3305 Strymon,
588 3251 676 3298 ariver-
685 3248 891 3307 111Thmoe,m
900 3252 997 3305 Μ·

57 3321 85 3353 as
94 3307 139 3412 ἓξ
149 3316 226 3411 recept
237 3304 446 3367 dgna-270.
465 3301 545 3363 Capiti
554 3308 760 3359 Aeneae-273.
776 3308 902 3373 Lugubre.
933 3312 997 3366 fl·-

73 3371 83 3409 1.
141 3380 191 3412 ,111
220 3400 225 3411 .
911 3410 917 3420 .
