2078 3622
430 197 612 236 usonutcox.

125 321 349 394 Quadritidaeque
360 323 442 376 sudes
454 332 481 376 et
492 333 572 376 acuto
585 324 676 376 robore
690 324 789 394 vallos,

124 392 311 462 Silvarumque
323 393 393 445 aliae
405 410 511 463 pressos
523 395 673 463 propaginis
685 412 764 448 arcus

125 463 300 533 Exspectant,
314 470 340 515 et
354 464 416 515 viva
428 480 477 515 sua
489 463 618 532 plantaria
632 474 716 532 terra,

124 531 173 585 Nil
184 531 281 584 radicis
293 540 373 600 egent
385 533 463 602 aliae,
477 550 670 602 summumque
683 543 788 603 putator

125 600 204 654 Haud
216 600 322 654 dubitat
334 611 419 654 terrae
432 602 552 655 reserens
564 602 692 655 mandare
704 620 847 658 cacumen.

125 670 195 729 Quin
207 678 234 723 et
247 671 404 724 caudicibus
415 671 654 725 sectis-mirabile
667 672 741 726 dictu
751 672 796 726 l-

124 739 252 792 Truditur
264 757 279 792 e
293 741 364 794 sicco
376 741 451 795 radix
463 741 586 810 oleagina
598 741 679 809 ligno.

126 810 161 863 Et
173 827 254 879 saepe
267 810 377 864 alterius
389 828 476 863 rarnos
488 812 597 880 impune
609 810 736 864 videmus

125 878 236 931 Vertere
249 880 275 933 in
289 880 406 949 alterius,
420 890 605 950 mutatamque
618 881 697 933 insita
708 881 782 934 mala

127 948 209 1002 Ferre
220 949 317 1019 pirurn,
331 959 357 1002 et
370 952 462 1019 prunis
474 950 594 1019 lapidosa
606 950 750 1003 rubescere
763 968 852 1004 corna.

161 1018 249 1077 Quare
262 1020 341 1090 agite,
355 1037 378 1090 o,
391 1020 508 1089 proprios
519 1021 668 1087 generatim
681 1021 777 1074 discite
789 1021 887 1093 cultus,

126 1087 275 1160 Agricolae,
289 1088 445 1159 fructusque
455 1089 524 1142 leros
535 1089 636 1142 mollite
649 1090 770 1143 colendo.

127 1158 189 1211 Neu
201 1175 299 1226 segnes
309 1159 416 1230 jaceant
429 1169 530 1212 terrae:
549 1159 624 1228 jurat
637 1160 739 1212 Ismara
752 1159 859 1213 Baccho

128 1228 281 1298 Conserere,
294 1240 375 1298 atque
387 1229 447 1282 olea
459 1246 587 1297 magnum
599 1232 698 1281 vestire
710 1229 876 1284 Taburnum.

128 1297 224 1367 Tuque
236 1298 302 1352 ades
324 1301 514 1370 inceptumque
527 1316 580 1351 una
592 1299 705 1351 decurre
717 1298 845 1371 laborem,

128 1368 151 1419 0
163 1368 254 1438 decus,
268 1386 282 1420 o
295 1339 384 1422 famae
397 1370 491 1422 merito
504 1386 565 1439 pars
577 1369 697 1421 maxima
709 1378 823 1440 nostrae,

129 1438 284 1507 Maecenas,
299 1439 447 1508 pelagoque
461 1439 554 1490 volans
566 1438 601 1490 da
613 1439 675 1491 vela
686 1440 797 1508 patenti.

128 1506 188 1559 Non
202 1523 253 1575 ego
265 1516 361 1560 cuncta
373 1510 442 1560 meis
454 1507 581 1576 amplecti
596 1509 718 1560 versibus
730 1517 799 1578 opto,

128 1575 197 1645 Non,
210 1575 277 1628 mihi
289 1577 311 1628 si
323 1576 430 1645 linguae
443 1587 552 1629 centurn
565 1579 616 1629 sint
629 1595 727 1647 oraque
740 1588 860 1650 centum,
886 1610 888 1615 ·

129 1644 227 1698 Ferrea
239 1661 291 1698 vox
298 1662 306 1714 5
324 1646 397 1717 ades,
412 1655 439 1700 et
451 1647 528 1716 primi
542 1647 602 1714 lege
614 1648 696 1700 litoris
708 1665 796 1717 oram,

129 1714 158 1767 ln
173 1715 297 1768 manibus
309 1725 395 1769 terrae
402 1733 410 1786 3
429 1734 480 1770 non
494 1717 537 1769 hio
550 1729 576 1769 te
589 1717 708 1770 carmine
720 1718 782 1770 ficto

129 1787 219 1853 Atque
232 1801 280 1854 per
291 1785 421 1854 ambages
434 1795 461 1839 et
473 1786 551 1855 longa
564 1803 658 1839 exorsa
671 1787 777 1840 tenebo.

164 1855 262 1923 Sponte
275 1872 323 1908 sua
335 1873 405 1977 quae
418 1874 448 1909 se
461 1856 556 1909 tollunt
568 1856 596 1908 in
608 1856 717 1909 luminis
729 1872 795 1926 oras,

129 1923 277 1977 lnlecunda
290 1925 334 1994 qui
356 1943 408 1996 ern,
422 1927 470 1979 sed
483 1927 554 1979 laeta
565 1939 592 1978 et
605 1926 682 1978 sortia
694 1933 819 1995 surgunt,

129 1993 235 2064 Quippe
248 1995 303 2048 solo
315 2005 410 2048 natura
422 1996 523 2049 subest.
559 1996 664 2048 Tamen
676 1994 745 2048 haec
753 2011 869 2068 quoque,
879 1996 903 2050 si
915 2014 924 2067 t

129 2064 238 2135 luserat,
251 2073 297 2119 aut
310 2066 448 2120 scrobibus
460 2065 570 2119 mandet
582 2074 686 2118 mutata
698 2064 823 2134 subactis,

128 2135 258 2190 Exuerint
271 2136 421 2190 silvestrem
433 2137 562 2204 animum,
576 2136 704 2204 cultuque
716 2135 858 2204 frequenti,

128 2204 158 2256 In
171 2222 357 2276 quascumque
368 2224 451 2259 voces
462 2207 533 2275 artis,
547 2204 619 2258 haud
636 2205 709 2257 tarda
721 2222 749 2257 se
770 2213 876 2258 nentur.

162 2274 288 2328 Necnon
300 2284 327 2328 et
339 2276 443 2345 sterilis,
457 2292 526 2345 quae
539 2274 666 2343 stirpibus
678 2275 733 2326 exit
745 2291 761 2325 a
793 2274 863 2344 imis,

127 2341 184 2394 Hoc
196 2343 286 2414 saciet,
299 2362 399 2398 vacuos
411 2347 433 2398 si
446 2345 479 2398 sit
492 2345 596 2412 digesta
608 2361 655 2423 per
667 2358 758 2411 agros:

126 2411 207 2465 Nunc
218 2413 289 2466 altae
302 2415 410 2468 frondes
421 2423 448 2468 et
461 2415 527 2467 rami
539 2423 633 2467 matris
645 2420 765 2483 opacant,

127 2480 318 2553 crescentique
329 2485 452 2538 adimunt
465 2485 543 2553 letus,
556 2492 689 2553 uruntque
702 2483 845 2536 ferentem.

161 2551 230 2621 lam,
246 2570 316 2622 quae
328 2554 477 2607 seminibus
487 2553 566 2624 jactis
578 2570 607 2605 se
621 2553 727 2606 sustulit
739 2552 825 2623 arbos,

127 2619 215 2674 Tarda
228 2625 309 2692 venit,
323 2625 390 2676 seris
401 2623 504 2676 factura
516 2619 658 2692 nepotibus
669 2622 809 2692 umbram,

127 2690 265 2761 Pomaque
277 2693 448 2761 degenerant,
462 2709 557 2745 succos
568 2692 651 2745 oblita
662 2693 777 2762 priores,

127 2762 162 2815 Et
174 2766 258 2835 turpis
270 2764 366 2817 avibus
377 2763 507 2834 praedam
518 2761 569 2814 lert
582 2779 635 2815 uva
647 2779 776 2814 racemos.

86 2913 125 2963 26.
136 2889 181 2959 27J
192 2911 266 2963 Some
282 2909 344 2958 from
360 2907 552 2961 suckers.-28,
565 2909 602 2952 29.
621 2904 695 2952 Some
706 2903 769 2952 from
779 2904 924 2965 cuttings.-

56 2972 94 3017 31.
112 2970 187 3016 Some
203 2969 266 3016 from
280 2970 363 3074 pisces
379 2967 407 3014 of
419 2966 461 3012 the
473 2965 736 3024 drytrunlt.—32-35.
753 2962 872 3023 Ingraftin
903 2973 924 3013 tr

56 3029 105 3077 fers
117 3038 142 3076 to
153 3043 198 3074 one
208 3036 278 3074 treet
298 3037 404 3074 enature
414 3025 442 3071 ol
449 3024 557 3071 another.
565 3026 686 3070 -35-46.
703 3021 839 3070 Addressin
879 3039 924 3071 aru

56 3088 104 3137 and
114 3087 203 3146 ashing
215 3086 255 3132 the
267 3095 431 3133 countenance
441 3082 469 3129 of
477 3083 617 3138 Maecenas,
628 3083 659 3128 he
670 3081 804 3149 inculcates
815 3039 924 3144 industry

56 3147 178 3197 attention
188 3156 214 3192 to
224 3145 266 3191 the
277 3145 331 3191 best
342 3142 414 3190 mode
426 3142 454 3189 of
461 3142 597 3201 improving
606 3139 809 3246 andtcultrvating
818 3151 893 3210 trees.
900 3171 924 3181 -

57 3212 95 3256 ⁵2.
112 3207 191 3255 Trees
203 3202 393 3263 spontaneously
404 3200 526 3259 produced
538 3217 577 3248 rna
604 3201 635 3246 be
652 3200 779 3256 rmproved
811 3215 827 3259 y
839 3201 924 3262 rngrall

57 3264 244 3326 transplanting,
258 3261 304 3310 and
315 3261 546 3309 culture.-53—56.
588 3272 642 3304 rees
653 3258 774 3317 naturally
785 3259 911 3318 produced
921 3275 924 3309 r

57 3327 160 3376 suclrsrs
171 3335 237 3373 must
257 3325 287 3370 be
303 3319 469 3378 transplanted
487 3319 537 3366 into
555 3318 595 3364 the
606 3330 670 3373 open
680 3315 890 3367 fietus-msa.
903 3320 924 3369 T

57 3385 180 3496 21⁸¹3¹¹³lfly
187 3381 309 3445 produced
317 3381 379 3430 frorn
391 3379 450 3426 seed
466 3387 533 3426 must
549 3379 580 3424 be
596 3372 721 3432 trenched,
733 3377 781 3425 aud
796 3377 924 3429 otherwise

81 3461 145 3495 aime
165 3481 170 3492 .
