2078 3622
66 168 127 225 488
449 179 609 221 sannices.

136 311 246 382 Jupiter,
260 312 342 381 inque
353 325 433 363 omen
445 309 574 363 Juturnae
587 324 726 361 occurrere
737 310 825 380 iussit.

133 382 185 435 llla
197 381 276 451 volet,
290 379 426 449 celerique
437 377 473 431 ad
486 387 583 430 terram
596 377 702 430 turbine
714 378 806 433 fertur.
938 386 987 437 855

132 451 193 505 Non
206 467 292 520 secus,
306 466 339 502 ao
351 464 431 501 nervo
443 464 491 517 per
503 447 603 500 nubem
616 446 731 516 impulsa
742 451 847 520 sagitta,

132 522 274 573 Armatam
287 519 362 572 saevi
376 516 497 586 Parthus,
511 532 592 585 quam
605 516 669 568 selle
682 520 787 588 veneni,

132 589 254 659 Parthus,
267 590 325 642 eive
337 587 438 659 Cydon,
453 586 536 639 telum
549 586 759 659 immedicabile,
774 589 855 660 torsit,

132 658 251 713 Stridens
261 667 289 710 et
301 657 396 710 celeris
408 655 542 723 incognita
553 656 666 707 transilit
678 655 802 710 umbros:

79 726 82 731 ’
132 726 248 780 Talisse
260 735 318 779 sata
329 727 416 779 Nocte
429 726 495 793 tulit,
509 733 645 793 terrasque
657 725 761 793 petivit.
936 734 985 783 860

131 796 278 865 Postquam
289 795 363 848 acies
376 795 448 847 videt
460 795 556 847 Iliacas
567 803 649 863 atque
661 796 770 861 agmina
781 796 872 868 Turni,

131 865 211 918 Alitis
223 866 250 918 in
263 882 363 935 parvae
376 864 493 917 subitam
505 862 618 915 collecta
630 864 743 931 figuram

130 933 207 992 Quae
219 934 354 1004 quondam
367 934 393 986 in
405 933 491 986 bustis
502 942 549 984 aut
561 932 723 986 culminibus
735 903 852 987 desertis

130 1003 217 1055 Nocte
230 1003 328 1056 sedena
340 1019 431 1056 serum
443 1003 514 1054 canit
527 1001 677 1071 importuna
688 1019 736 1071 per
748 1003 858 1057 umbrae
865 1021 874 1075 3

131 1071 208 1125 Hanc
220 1090 299 1126 versa
311 1073 336 1124 in
351 1072 450 1124 faciem
461 1071 543 1123 Turni
557 1088 586 1122 se
600 1073 682 1139 pestis
693 1071 727 1124 ob
739 1088 785 1124 ora
934 1079 984 1128 865

131 1140 247 1211 Fertque
260 1140 394 1210 refertque
407 1156 511 1209 sonans,
525 1140 697 1209 clipeumque
710 1140 850 1195 everberat
861 1142 921 1197 alie.

125 1209 172 1263 llli
184 1211 307 1265 membra
318 1227 404 1264 novus
416 1211 493 1263 solvit
505 1209 647 1262 formidine
659 1219 753 1279 torpor,

130 1282 259 1333 Arrectae
280 1297 312 1333 ue
322 1279 427 1332 horrore
439 1295 541 1349 comae,
556 1288 583 1331 et
597 1295 647 1332 vox
659 1279 783 1332 faucibus
794 1279 891 1335 haesit.

130 1351 167 1402 At
208 1298 281 1403 τοοι11
294 1357 322 1402 ut
335 1349 414 1402 Dirae
427 1348 565 1401 stridorem
578 1348 685 1416 agnovit
697 1358 725 1401 et
735 1349 800 1419 alas,

129 1366 227 1472 1819113(
239 1418 319 1471 crinis
330 1418 427 1471 scindit
438 1419 551 1472 Jutuma
562 1418 669 1486 solutos,
696 1444 704 1459 ·
777 1487 783 1497 ἱ
933 1425 983 1475 870

128 1486 270 1556 Unguibus
280 1504 326 1540 ora
338 1504 409 1541 soror
419 1486 533 1540 foedans
543 1496 571 1540 et
582 1496 691 1556 pectora
701 1503 813 1556 pugnis:

132 1556 218 1615 ‘Quid
231 1574 302 1610 nunc
314 1565 341 1610 te
353 1567 406 1625 tua,
419 1556 517 1625 Turne,
531 1564 618 1625 potest
629 1572 758 1623 germana
768 1556 884 1635 juvaret

128 1627 184 1679 Aut
196 1625 262 1695 quid
273 1626 330 1696 jam
341 1625 424 1678 durae
437 1634 544 1694 superat
556 1625 645 1678 milit
661 1642 716 1694 qua
727 1625 776 1679 tibi
787 1626 880 1681 lucem

128 1697 195 1748 Arte
206 1696 311 1748 mororl
329 1694 403 1746 talin'
416 1710 527 1763 possum
538 1711 583 1746 me
595 1710 729 1764 opponere
741 1696 879 1751 monstrnt
957 1710 960 1715 '

129 1764 191 1817 Jam
202 1763 260 1834 jam
272 1763 361 1886 linquo
373 1762 454 1816 acies.
491 1763 535 1815 Ne
547 1780 592 1816 me
604 1772 703 1816 terrete
716 1763 866 1837 timentem,
931 1772 981 1821 875

129 1832 269 1886 Obscenae
282 1850 315 1886 vo
327 1849 404 1886 nores
409 1847 417 1902 3
435 1831 540 1886 alarum
552 1831 665 1886 verbera
676 1850 757 1887 nosco

129 1902 306 1973 Letalemque
319 1918 429 1971 sonum3
449 1919 500 1956 nec
512 1902 607 1956 fallunt
618 1902 694 1973 jussa
705 1903 821 1974 superbe

129 1972 298 2041 Magnanimi
310 1972 392 2027 Jovis.
428 1972 504 2025 Haec
514 1989 562 2041 pro
574 1972 725 2041 virginitate
737 1973 861 2043 reponit'l

129 2041 189 2100 Quo
201 2042 284 2094 vitam
297 2042 371 2095 dedit
383 2043 541 2095 aeternamt
560 2059 608 2095 cur
620 2043 713 2095 mortis
723 2042 852 2115 adempte
863 2052 907 2099 eet

128 2110 273 2164 Condiciol
292 2128 399 2181 possem
412 2118 498 2163 tantos
509 2111 586 2164 finire
597 2111 703 2164 dolores
931 2118 982 2168 880

127 2179 207 2233 Nunc
219 2190 299 2252 certe,
314 2189 341 2233 et
353 2181 451 2234 misero
462 2180 535 2233 fratri
549 2197 642 2234 comes
653 2181 691 2233 ire
702 2194 751 2251 per
763 2181 883 2237 umbras.

127 2248 288 2302 Immortalis
300 2250 369 2319 egot
387 2257 435 2302 eut
446 2249 593 2320 quicquam
604 2250 672 2303 mihi
684 2250 763 2303 dulce
775 2267 900 2308 meorum

127 2317 168 2370 Te
180 2319 247 2387 sine,
260 2318 349 2387 frater,
362 2319 431 2373 eritt
466 2320 489 2373 0
500 2336 571 2389 quae
584 2320 648 2372 satis
659 2319 714 2373 alta
725 2318 850 2375 dehiscat

127 2386 210 2441 Terra
221 2388 296 2455 mihi,
309 2388 453 2458 Manisque
465 2389 547 2442 deam
557 2388 682 2442 demittet
694 2389 728 2442 ad
740 2388 834 2444 imosl’

127 2455 245 2509 Tantum
257 2458 347 2528 effeta,
360 2465 441 2526 caput
453 2458 548 2526 glauco
560 2460 678 2512 contexit
688 2458 799 2528 amictu,
928 2463 980 2515 886

126 2524 216 2578 Multa
227 2542 348 2594 gemens,
362 2535 389 2579 et
401 2543 432 2579 se
443 2527 524 2580 fluvio
537 2526 590 2580 dea
601 2528 720 2581 condidit
731 2527 795 2581 alto.

161 2597 270 2649 Aeneae
281 2595 361 2648 instat
373 2603 465 2648 contra
476 2596 615 2665 telumque
626 2608 757 2667 coruscat,

126 2664 232 2734 Ingens,
245 2664 395 2735 arboreum,
409 2673 437 2718 et
448 2681 529 2718 saevo
541 2666 580 2718 sio
592 2674 700 2736 pectore
712 2666 798 2720 fatur:

128 2734 220 2793 ‘Quae
238 2750 313 2842 nunt}
327 2734 426 2788 deinde
444 2750 519 2789 mora
530 2735 590 2788 estl
608 2745 655 2788 aut
667 2736 732 2807 quid
748 2736 980 2809 jam,'1⁸urne,re·

196 2811 310 2857 tractas.

125 2873 152 2925 N
153 2887 186 2924 on
199 2887 286 2941 cursu,
300 2872 389 2926 saevis
399 2872 559 2927 certandum
570 2882 611 2927 est
622 2875 775 2929 cornminus
785 2876 880 2930 ermis.
928 2880 979 2931 888

126 2941 207 2993 Verte
219 2941 307 2994 omnis
318 2949 373 2994 tete
385 2942 412 2995 in
424 2941 516 3013 facies,
529 2952 556 2996 et
568 2942 702 3013 contrahe,
715 2943 848 3015 quidquid

126 3010 189 3063 Sive
201 3010 299 3063 anImis
311 3010 368 3064 sive
380 3021 437 3064 arte
449 3012 540 3081 vales3
557 3020 620 3083 opta
630 3013 715 3066 ardua
726 3013 824 3084 pennis

126 3082 206 3134 Astra
218 3080 302 3150 sequi,
316 3080 492 3150 clausumque
505 3098 573 3134 cava
584 3089 610 3135 te
622 3083 738 3136 condere
750 3084 840 3137 terra!

125 3148 174 3201 Ille
186 3158 268 3217 caput
279 3166 424 3218 quassans:
446 3152 521 3205 ‘Non
534 3167 579 3204 me
591 3159 639 3204 tua
649 3151 753 3205 fervida
763 3160 865 3207 terrent

126 3218 211 3286 Dicta,
225 3217 315 3287 lerox3
333 3219 360 3271 di
372 3237 418 3272 me
430 3228 530 3273 terrent
542 3228 570 3273 et
581 3220 685 3291 Jupiter
696 3222 798 3275 hostie!
929 3226 978 3279 888

85 3356 139 3402 858.
156 3353 212 3409 'I'lre
225 3354 353 3404 Parthians
364 3357 411 3406 and
423 3357 528 3405 Crotone
536 3357 664 3420 (Cydonea,
674 3374 689 3407 a
699 3368 766 3409 town
777 3374 809 3407 on
817 3358 941 3409 thenonlr
949 3358 978 3409 of

56 3410 140 3467 Crete)
154 3429 218 3462 rvcro
230 3414 325 3463 samone
336 3431 362 3464 ns
374 3416 514 3464 archeta·
523 3420 577 3466 867.
590 3417 641 3473 Illi,
654 3417 685 3467 vi.
697 3420 849 3469 tre-eea.
861 3418 978 3471 Dabunt.
