2078 3622
435 161 594 201 AENEIDOS.

121 292 193 346 Scire
206 299 351 361 potestates
363 288 505 342 herbarum
519 304 651 355 usumque
664 288 789 342 medendi

121 361 219 414 Maluit
231 369 258 413 et
270 372 359 413 mutas
370 360 470 427 agitare
483 358 608 425 inglorius
619 358 691 409 artis.

121 431 213 484 Stabat
225 429 323 482 acerba
334 430 459 495 fremens,
474 427 608 494 ingentem
622 428 699 478 uiuus
712 427 739 479 in
751 427 864 496 hastam,

120 502 235 569 Aeneas,
249 514 345 566 magno
356 497 485 566 juvenum
498 505 525 547 et
538 497 682 548 moerentis
695 497 745 548 Iuli

120 571 264 637 Concursu,
278 567 394 619 lacrimis
406 564 558 618 immobilis.
595 565 642 618 llle
656 575 749 617 retorto
919 569 969 619 400

121 639 266 691 Paeonium
279 638 305 689 in
317 652 420 688 morem
433 636 520 687 senior
532 635 685 686 succinctus
696 637 805 703 amictu,

120 707 208 759 Multa
220 722 303 758 manu
315 705 423 758 medica
435 703 533 757 Phoebi
556 720 589 755 ue
602 704 752 771 potentibus
765 703 854 756 herbis

119 775 310 854 Nequidquam
323 774 444 843 trepidat,
458 721 639 841 nequidquam
652 773 753 841 spicula
764 772 859 826 dextra

120 844 247 896 Sollicitat
259 854 419 912 prensatque
432 842 520 894 tenaci
532 841 631 910 forcipe
645 842 753 894 ferrum.

119 914 201 966 Nulla
214 913 285 965 viam
299 912 413 965 Fortuna
427 911 492 979 regit
500 927 507 978 3
527 910 592 962 nihil
604 921 694 963 auctor
707 910 801 979 Apollo
917 916 967 964 405

119 983 263 1049 Subvenit3
282 990 308 1034 et
321 999 418 1034 saevus
430 981 534 1049 campis
546 981 632 1046 magis
644 998 676 1032 ac
689 981 775 1047 magis
787 980 876 1033 horror

119 1051 275 1119 Crebrescit,
288 1052 448 1120 propiusque
461 1049 562 1101 malurn
575 1061 624 1101 est.
660 1051 719 1103 lam
734 1050 843 1118 pulvere
855 1049 961 1102 coelum

119 1120 193 1173 Stare
207 1121 305 1188 vident,
319 1121 487 1187 subeuntque
500 1118 613 1187 equites,
627 1128 653 1170 et
666 1119 767 1187 spicula
779 1121 873 1172 castris

119 1190 209 1242 Densa
221 1190 319 1242 cadunt
332 1189 436 1241 mediis.
473 1188 495 1239 lt
508 1187 590 1239 tristis
601 1187 636 1239 ad
648 1189 757 1239 aethera
768 1188 870 1240 clamor

119 1258 272 1311 Bellantum
282 1257 411 1327 juvenum
424 1265 452 1310 et
463 1256 528 1309 duro
540 1256 591 1309 sub
604 1258 691 1309 Marte
704 1258 857 1310 cadentum.
917 1261 968 1311 410

119 1327 169 1379 Hic
181 1329 280 1397 Venus,
294 1327 401 1395 indigno
414 1325 466 1379 nati
480 1342 610 1378 concussa
622 1326 718 1394 dolore,

119 1397 292 1449 Dictamnum
303 1396 423 1464 genetrix
435 1397 545 1448 Cretaea
557 1397 639 1464 carpit
651 1395 686 1448 ab
699 1395 753 1463 Ida,

120 1465 269 1519 Puberibus
280 1466 386 1518 caulem
399 1465 468 1517 foliis
481 1472 507 1516 et
520 1465 583 1517 tiore
597 1472 748 1517 comantem

120 1536 255 1604 Purpureo
263 1551 271 1603 ;
289 1551 340 1587 non
354 1535 400 1587 illa
412 1534 476 1587 feria
488 1534 621 1601 incognita
633 1535 720 1602 capris

119 1604 255 1672 Gramina,
269 1621 332 1656 cum
345 1616 417 1670 tergo
430 1602 552 1656 volucres
564 1602 675 1654 haesere
688 1603 810 1671 sagittae.
916 1607 966 1657 415

119 1673 177 1724 Ηοο
189 1673 287 1741 Venus,
301 1672 411 1724 obscuro
424 1671 522 1723 faciem
534 1671 699 1724 circumdata
711 1672 810 1743 nimbo,

120 1741 240 1809 Detulit3
260 1740 310 1792 hoc
322 1740 413 1793 fusum
424 1740 506 1793 labris
518 1739 720 1809 splendentibus
731 1758 842 1796 amnem

120 1810 214 1878 Inficit,
228 1810 333 1863 occulte
346 1810 492 1878 medicans,
505 1809 656 1878 spargitque
669 1809 783 1865 salubris

120 1879 280 1932 Ambrosiae
292 1896 387 1932 succos
398 1889 425 1932 et
437 1878 595 1931 odoriferam
607 1896 764 1947 panaceam.

121 1949 197 2001 Fovit
209 1966 242 2001 ea
253 1949 351 2002 vulnus
363 1949 473 2018 lympha
485 1947 632 2016 longaevus
643 1949 715 2017 lapis
916 1953 968 2003 420

120 2017 247 2085 Ignorans
268 2018 408 2087 subitoque
420 2018 506 2071 omnis
517 2017 551 2070 de
564 2034 671 2086 corpore
684 2019 751 2087 fugit

120 2087 225 2156 Quippe
237 2058 318 2155 dolor,
331 2088 418 2140 omnis
430 2088 502 2140 stetit
514 2087 567 2139 imo
581 2087 690 2139 vulnere
703 2087 819 2156 sanguis.

119 2157 234 2224 Jamque
247 2167 340 2209 secuta
352 2174 471 2225 manum,
485 2156 558 2209 nullo
570 2167 689 2224 cogente,
704 2157 800 2224 sagitta

121 2226 236 2294 Excidit,
250 2234 331 2295 atque
343 2243 427 2278 novae
440 2225 542 2279 rediere
555 2226 581 2277 in
594 2225 703 2294 pristina
714 2227 793 2279 vires.

121 2296 218 2347 ‘Arma
229 2295 274 2347 citi
286 2304 424 2365 properate
437 2294 508 2348 viro!
528 2294 593 2363 quid
606 2294 817 2365 statisl’—Iapis
916 2300 968 2349 425

119 2364 283 2434 Conclamat,
299 2365 452 2433 primusque
464 2364 567 2417 animos
578 2363 701 2417 accendit
714 2364 741 2419 iu
754 2364 895 2419 hostem-

121 2434 194 2485 ‘Non
208 2432 276 2486 haec
288 2432 414 2486 humanis
425 2433 529 2502 opibus,
542 2450 594 2486 non
606 2442 662 2486 arte
674 2434 802 2503 magistra

58 2526 66 2543 ·
119 2501 287 2570 Proveniant,
301 2518 389 2570 neque
401 2509 436 2571 te,
450 2505 550 2572 Aenea,
564 2519 627 2554 mea
638 2502 748 2556 dextera
760 2511 863 2573 servat,

119 2569 207 2639 Major
217 2570 272 2638 agit
284 2569 352 2622 deus
364 2580 445 2641 atque
457 2587 537 2639 opera
548 2571 583 2623 ad
595 2570 697 2640 majora
710 2572 838 2627 remittit!

118 2639 168 2692 llle
180 2639 277 2693 avidus
307 2656 394 2707 ugnae
406 2657 481 2692 suras
492 2639 634 2693 incluserat
645 2658 709 2694 auro
918 2645 970 2696 430

119 2709 187 2762 Hinc
199 2656 363 2778 atquehinc,
376 2708 483 2778 oditque
496 2726 591 2779 moras,
606 2710 764 2779 hastamque
775 2718 906 2765 coruscat.
968 2751 974 2759 .

118 2778 264 2847 Postquam
277 2777 374 2832 habilis
387 2778 462 2831 lateri
475 2778 578 2848 clipeus
590 2779 722 2848 loricaque
735 2788 809 2848 tergo
820 2788 870 2850 est,

119 2848 267 2900 Ascanium
279 2848 346 2900 susis
359 2847 459 2900 circum
473 2848 658 2916 complectitur
668 2848 759 2917 armis,

119 2916 283 2985 Summaque
296 2934 343 2986 per
353 2917 461 2984 galeam
473 2916 595 2970 delibans
606 2918 698 2970 oscula
709 2916 793 2970 fatur:

121 2985 224 3053 ‘Disce,
238 3003 311 3054 puer,
326 2987 449 3038 virtutem
463 3003 497 3039 ex
509 3003 553 3039 me
565 3003 713 3055 verumque
725 2986 853 3056 laborem,
918 2992 971 3043 tao

120 3053 264 3106 Fortunam
276 3071 310 3107 ex
322 3055 390 3107 aliis.
426 3057 452 3108 N
454 3072 506 3107 unc
518 3064 545 3108 te
558 3072 621 3108 mea
632 3056 743 3109 dextera
755 3054 825 3109 bello

52 3167 380 3176 ——-.-.-...-.-

78 3218 132 3265 398.
149 3215 247 3264 Acerba.
278 3215 331 3264 Ecl.
343 3216 376 3264 iii.
388 3219 509 3264 8.-401.
525 3217 667 3274 Paeonium,
685 3218 753 3265 three
768 3216 888 3278 syllables
909 3220 973 3271 after

61 3274 92 3323 he
103 3274 196 3322 elision.
228 3275 276 3323 See
287 3285 310 3323 at
322 3275 363 3323 vii.
375 3279 427 3323 769.
436 3280 523 3323 -412Ι
539 3277 637 3324 Cretaea
648 3276 699 3324 Ida.
726 3276 779 3324 Ecl.
790 3276 823 3326 vi.
832 3280 971 3331 tra-417.

81 3335 136 3381 bris
152 3334 232 3390 vasis3
255 3352 353 3391 amnem,
372 3338 563 3392 aquam—422.
589 3335 653 3397 Quip
670 3353 682 3383 e
699 3351 780 3384 seems
799 3346 825 3385 to
842 3336 906 3387 here
921 3338 971 3391 this

85 3396 155 3441 ce-‘
164 3392 297 3441 wonderful
309 3409 336 3442 as
348 3393 366 3441 it
378 3409 433 3453 moy
444 3395 529 3442 scom'
564 3392 639 3443 Dolor
649 3354 681 3455 hy
692 3394 734 3443 tha
745 3394 815 3444 arsis.
