<?xml version="1.0" encoding="UTF-8"?>
<!DOCTYPE html PUBLIC "-//W3C//DTD XHTML 1.0 Transitional//EN"
    "http://www.w3.org/TR/xhtml1/DTD/xhtml1-transitional.dtd">
<html xmlns="http://www.w3.org/1999/xhtml" xml:lang="en" lang="en">
 <head>
  <title>
</title>
<meta http-equiv="Content-Type" content="text/html;charset=utf-8" />
  <meta name='ocr-system' content='tesseract 3.04.00' />
  <meta name='ocr-capabilities' content='ocr_page ocr_carea ocr_par ocr_line ocrx_word'/>
</head>
<body>
  <div class='ocr_page' id='page_1' title='image "./carmina00virggoog_0240.png"; bbox 0 0 2078 3622; ppageno 0'>
   <div class='ocr_carea' id='block_1_1' title="bbox 446 178 605 217">
    <p class='ocr_par' dir='ltr' id='par_1_1' title="bbox 446 178 605 217">
     <span class='ocr_line' id='line_1_1' title="bbox 446 178 605 217; baseline -0.013 0"><span class='ocrx_word' id='word_1_1' title='bbox 446 178 605 217; x_wconf 62' lang='lat' dir='ltr'>ansuinus</span> 
     </span>
    </p>
   </div>
   <div class='ocr_carea' id='block_1_2' title="bbox 129 304 982 2515">
    <p class='ocr_par' dir='ltr' id='par_1_2' title="bbox 134 304 757 377">
     <span class='ocr_line' id='line_1_2' title="bbox 134 304 757 377; baseline -0.005 -16"><span class='ocrx_word' id='word_1_2' title='bbox 134 308 227 367; x_wconf 81' lang='lat' dir='ltr'>Qualis</span> <span class='ocrx_word' id='word_1_3' title='bbox 239 308 368 377; x_wconf 85' lang='lat' dir='ltr'>spelunca</span> <span class='ocrx_word' id='word_1_4' title='bbox 380 307 466 359; x_wconf 91' lang='lat' dir='ltr'>subito</span> <span class='ocrx_word' id='word_1_5' title='bbox 479 312 613 358; x_wconf 86' lang='lat' dir='ltr'>commota</span> <span class='ocrx_word' id='word_1_6' title='bbox 624 304 757 369; x_wconf 66' lang='lat' dir='ltr'>columba</span> 
     </span>
    </p>

    <p class='ocr_par' dir='ltr' id='par_1_3' title="bbox 133 374 816 444">
     <span class='ocr_line' id='line_1_3' title="bbox 133 374 816 444; baseline -0.004 -14"><span class='ocrx_word' id='word_1_7' title='bbox 133 380 182 429; x_wconf 88' lang='lat' dir='ltr'>Cui</span> <span class='ocrx_word' id='word_1_8' title='bbox 195 380 291 429; x_wconf 89' lang='lat' dir='ltr'>domus</span> <span class='ocrx_word' id='word_1_9' title='bbox 303 386 329 427; x_wconf 86' lang='lat' dir='ltr'>ct</span> <span class='ocrx_word' id='word_1_10' title='bbox 341 376 434 427; x_wconf 89' lang='lat' dir='ltr'>dulces</span> <span class='ocrx_word' id='word_1_11' title='bbox 447 374 578 425; x_wconf 79' lang='lat' dir='ltr'>latebroso</span> <span class='ocrx_word' id='word_1_12' title='bbox 592 374 618 425; x_wconf 93' lang='lat' dir='ltr'>in</span> <span class='ocrx_word' id='word_1_13' title='bbox 632 376 740 442; x_wconf 84' lang='lat' dir='ltr'><strong>pumice</strong></span> <span class='ocrx_word' id='word_1_14' title='bbox 752 374 816 444; x_wconf 84' lang='lat' dir='ltr'>nidi,</span> 
     </span>
    </p>

    <p class='ocr_par' dir='ltr' id='par_1_4' title="bbox 133 444 982 515">
     <span class='ocr_line' id='line_1_4' title="bbox 133 444 982 515; baseline 0 -16"><span class='ocrx_word' id='word_1_15' title='bbox 133 448 226 499; x_wconf 76' lang='lat' dir='ltr'>Fertur</span> <span class='ocrx_word' id='word_1_16' title='bbox 239 448 263 497; x_wconf 91' lang='lat' dir='ltr'>in</span> <span class='ocrx_word' id='word_1_17' title='bbox 277 462 340 496; x_wconf 82' lang='lat' dir='ltr'>arva</span> <span class='ocrx_word' id='word_1_18' title='bbox 352 446 451 511; x_wconf 82' lang='lat' dir='ltr'>volans,</span> <span class='ocrx_word' id='word_1_19' title='bbox 466 444 642 511; x_wconf 74' lang='lat' dir='ltr'>plausumque</span> <span class='ocrx_word' id='word_1_20' title='bbox 654 446 778 497; x_wconf 81' lang='lat' dir='ltr'>exterrita</span> <span class='ocrx_word' id='word_1_21' title='bbox 789 444 887 515; x_wconf 87' lang='lat' dir='ltr'>pennis</span> <span class='ocrx_word' id='word_1_22' title='bbox 930 450 982 500; x_wconf 81' lang='lat'>215</span> 
     </span>
    </p>

    <p class='ocr_par' dir='ltr' id='par_1_5' title="bbox 135 513 761 581">
     <span class='ocr_line' id='line_1_5' title="bbox 135 513 761 581; baseline -0.003 -14"><span class='ocrx_word' id='word_1_23' title='bbox 135 517 183 567; x_wconf 78' lang='lat' dir='ltr'>lhtt</span> <span class='ocrx_word' id='word_1_24' title='bbox 197 525 266 567; x_wconf 83' lang='lat' dir='ltr'>tecto</span> <span class='ocrx_word' id='word_1_25' title='bbox 279 516 422 581; x_wconf 81' lang='lat' dir='ltr'>ingentem,</span> <span class='ocrx_word' id='word_1_26' title='bbox 437 530 498 565; x_wconf 82' lang='lat' dir='ltr'>mox</span> <span class='ocrx_word' id='word_1_27' title='bbox 510 518 571 563; x_wconf 72' lang='lat' dir='ltr'>aire</span> <span class='ocrx_word' id='word_1_28' title='bbox 584 513 658 580; x_wconf 84' lang='lat' dir='ltr'>lapsa</span> <span class='ocrx_word' id='word_1_29' title='bbox 671 516 761 581; x_wconf 89' lang='lat' dir='ltr'>quicto</span> 
     </span>
    </p>

    <p class='ocr_par' dir='ltr' id='par_1_6' title="bbox 132 582 883 651">
     <span class='ocr_line' id='line_1_6' title="bbox 132 582 883 651; baseline 0.001 -15"><span class='ocrx_word' id='word_1_30' title='bbox 132 584 210 636; x_wconf 86' lang='lat' dir='ltr'>Radit</span> <span class='ocrx_word' id='word_1_31' title='bbox 223 586 273 635; x_wconf 71' lang='lat' dir='ltr'>iter</span> <span class='ocrx_word' id='word_1_32' title='bbox 286 583 425 651; x_wconf 82' lang='lat' dir='ltr'>liquidnm,</span> <span class='ocrx_word' id='word_1_33' title='bbox 439 582 535 633; x_wconf 80' lang='lat' dir='ltr'>celeris</span> <span class='ocrx_word' id='word_1_34' title='bbox 547 599 634 649; x_wconf 88' lang='lat' dir='ltr'>nequo</span> <span class='ocrx_word' id='word_1_35' title='bbox 647 590 798 635; x_wconf 86' lang='lat' dir='ltr'>commovet</span> <span class='ocrx_word' id='word_1_36' title='bbox 810 582 883 637; x_wconf 87' lang='lat' dir='ltr'>alas:</span> 
     </span>
    </p>

    <p class='ocr_par' dir='ltr' id='par_1_7' title="bbox 133 651 853 720">
     <span class='ocr_line' id='line_1_7' title="bbox 133 651 853 720; baseline 0 -15"><span class='ocrx_word' id='word_1_37' title='bbox 133 654 176 705; x_wconf 86' lang='lat' dir='ltr'>Sic</span> <span class='ocrx_word' id='word_1_38' title='bbox 189 652 356 718; x_wconf 76' lang='lat' dir='ltr'>Mnestheus,</span> <span class='ocrx_word' id='word_1_39' title='bbox 371 653 410 703; x_wconf 87' lang='lat' dir='ltr'>sic</span> <span class='ocrx_word' id='word_1_40' title='bbox 422 653 479 720; x_wconf 80' lang='lat' dir='ltr'>ipsa</span> <span class='ocrx_word' id='word_1_41' title='bbox 492 651 555 717; x_wconf 66' lang='lat' dir='ltr'>luga</span> <span class='ocrx_word' id='word_1_42' title='bbox 568 660 641 703; x_wconf 84' lang='lat' dir='ltr'>secat</span> <span class='ocrx_word' id='word_1_43' title='bbox 655 651 748 704; x_wconf 90' lang='lat' dir='ltr'>ultima</span> <span class='ocrx_word' id='word_1_44' title='bbox 761 652 853 705; x_wconf 86' lang='lat' dir='ltr'>Pristis</span> 
     </span>
    </p>

    <p class='ocr_par' dir='ltr' id='par_1_8' title="bbox 133 721 826 789">
     <span class='ocr_line' id='line_1_8' title="bbox 133 721 826 789; baseline -0.001 -16"><span class='ocrx_word' id='word_1_45' title='bbox 133 724 264 789; x_wconf 75' lang='lat' dir='ltr'>Aequora,</span> <span class='ocrx_word' id='word_1_46' title='bbox 279 723 317 773; x_wconf 89' lang='lat' dir='ltr'>sic</span> <span class='ocrx_word' id='word_1_47' title='bbox 330 722 403 773; x_wconf 83' lang='lat' dir='ltr'>illam</span> <span class='ocrx_word' id='word_1_48' title='bbox 417 722 467 772; x_wconf 86' lang='lat' dir='ltr'>fert</span> <span class='ocrx_word' id='word_1_49' title='bbox 482 721 599 787; x_wconf 83' lang='lat' dir='ltr'>impetus</span> <span class='ocrx_word' id='word_1_50' title='bbox 613 721 669 788; x_wconf 77' lang='lat' dir='ltr'>ipse</span> <span class='ocrx_word' id='word_1_51' title='bbox 681 721 826 774; x_wconf 79' lang='lat' dir='ltr'>volantem.</span> 
     </span>
    </p>

    <p class='ocr_par' dir='ltr' id='par_1_9' title="bbox 133 790 982 858">
     <span class='ocr_line' id='line_1_9' title="bbox 133 790 982 858; baseline -0.002 -15"><span class='ocrx_word' id='word_1_52' title='bbox 133 791 166 843; x_wconf 83' lang='lat' dir='ltr'>Et</span> <span class='ocrx_word' id='word_1_53' title='bbox 180 794 295 858; x_wconf 78' lang='lat' dir='ltr'>prinlum</span> <span class='ocrx_word' id='word_1_54' title='bbox 309 792 332 841; x_wconf 91' lang='lat' dir='ltr'>in</span> <span class='ocrx_word' id='word_1_55' title='bbox 347 790 456 858; x_wconf 86' lang='lat' dir='ltr'>scopulo</span> <span class='ocrx_word' id='word_1_56' title='bbox 469 790 614 840; x_wconf 80' lang='lat' dir='ltr'>luctantem</span> <span class='ocrx_word' id='word_1_57' title='bbox 627 791 727 841; x_wconf 60' lang='lat' dir='ltr'>«asserit</span> <span class='ocrx_word' id='word_1_58' title='bbox 739 790 792 841; x_wconf 85' lang='lat' dir='ltr'>ulto</span> <span class='ocrx_word' id='word_1_59' title='bbox 929 794 982 842; x_wconf 80' lang='lat' dir='ltr'>aad</span> 
     </span>
    </p>

    <p class='ocr_par' dir='ltr' id='par_1_10' title="bbox 133 857 883 927">
     <span class='ocr_line' id='line_1_10' title="bbox 133 857 883 927; baseline 0.001 -16"><span class='ocrx_word' id='word_1_60' title='bbox 133 859 286 926; x_wconf 72' lang='lat' dir='ltr'><strong>Sergestum</strong></span> <span class='ocrx_word' id='word_1_61' title='bbox 298 859 479 927; x_wconf 81' lang='lat' dir='ltr'>brevibusque</span> <span class='ocrx_word' id='word_1_62' title='bbox 493 858 567 909; x_wconf 63' lang='lat' dir='ltr'>vallis</span> <span class='ocrx_word' id='word_1_63' title='bbox 580 857 728 925; x_wconf 80' lang='lat' dir='ltr'>frustraque</span> <span class='ocrx_word' id='word_1_64' title='bbox 740 866 883 912; x_wconf 86' lang='lat' dir='ltr'>vocantem</span> 
     </span>
    </p>

    <p class='ocr_par' dir='ltr' id='par_1_11' title="bbox 132 928 770 995">
     <span class='ocr_line' id='line_1_11' title="bbox 132 928 770 995; baseline 0 -16"><span class='ocrx_word' id='word_1_65' title='bbox 132 928 247 995; x_wconf 82' lang='lat' dir='ltr'>Auxilia,</span> <span class='ocrx_word' id='word_1_66' title='bbox 262 938 287 980; x_wconf 86' lang='lat' dir='ltr'>et</span> <span class='ocrx_word' id='word_1_67' title='bbox 301 928 390 979; x_wconf 85' lang='lat' dir='ltr'>fractis</span> <span class='ocrx_word' id='word_1_68' title='bbox 403 930 550 979; x_wconf 78' lang='lat' dir='ltr'>discentem</span> <span class='ocrx_word' id='word_1_69' title='bbox 563 942 668 977; x_wconf 88' lang='lat' dir='ltr'>currere</span> <span class='ocrx_word' id='word_1_70' title='bbox 682 928 770 980; x_wconf 85' lang='lat' dir='ltr'>remis.</span> 
     </span>
    </p>

    <p class='ocr_par' dir='ltr' id='par_1_12' title="bbox 133 994 822 1065">
     <span class='ocr_line' id='line_1_12' title="bbox 133 994 822 1065; baseline 0.001 -17"><span class='ocrx_word' id='word_1_71' title='bbox 133 997 199 1048; x_wconf 91' lang='lat' dir='ltr'>Inde</span> <span class='ocrx_word' id='word_1_72' title='bbox 211 1000 288 1065; x_wconf 78' lang='lat' dir='ltr'>Gyan</span> <span class='ocrx_word' id='word_1_73' title='bbox 302 998 440 1065; x_wconf 80' lang='lat' dir='ltr'>ipsamque</span> <span class='ocrx_word' id='word_1_74' title='bbox 453 996 554 1063; x_wconf 71' lang='lat' dir='ltr'>inuenti</span> <span class='ocrx_word' id='word_1_75' title='bbox 568 996 638 1046; x_wconf 88' lang='lat' dir='ltr'>mole</span> <span class='ocrx_word' id='word_1_76' title='bbox 651 994 822 1049; x_wconf 81' lang='lat' dir='ltr'>Chimaeram</span> 
     </span>
    </p>

    <p class='ocr_par' dir='ltr' id='par_1_13' title="bbox 133 1064 885 1133">
     <span class='ocr_line' id='line_1_13' title="bbox 133 1064 885 1133; baseline 0 -16"><span class='ocrx_word' id='word_1_77' title='bbox 133 1066 307 1133; x_wconf 71' lang='lat' dir='ltr'>Consequitur</span> <span class='ocrx_word' id='word_1_78' title='bbox 315 1083 322 1133; x_wconf 76' lang='lat'>3</span> <span class='ocrx_word' id='word_1_79' title='bbox 341 1066 421 1127; x_wconf 76' lang='lat' dir='ltr'>cedit,</span> <span class='ocrx_word' id='word_1_80' title='bbox 434 1066 561 1133; x_wconf 90' lang='lat' dir='ltr'>qnoniam</span> <span class='ocrx_word' id='word_1_81' title='bbox 574 1064 686 1131; x_wconf 84' lang='lat' dir='ltr'>spoliata</span> <span class='ocrx_word' id='word_1_82' title='bbox 697 1065 824 1133; x_wconf 82' lang='lat' dir='ltr'>magistro</span> <span class='ocrx_word' id='word_1_83' title='bbox 836 1072 885 1118; x_wconf 86' lang='lat' dir='ltr'>est.</span> 
     </span>
    </p>

    <p class='ocr_par' dir='ltr' id='par_1_14' title="bbox 134 1133 979 1203">
     <span class='ocr_line' id='line_1_14' title="bbox 134 1133 979 1203; baseline 0.001 -17"><span class='ocrx_word' id='word_1_84' title='bbox 134 1134 211 1186; x_wconf 86' lang='lat' dir='ltr'>Solus</span> <span class='ocrx_word' id='word_1_85' title='bbox 222 1135 331 1203; x_wconf 86' lang='lat' dir='ltr'>jamque</span> <span class='ocrx_word' id='word_1_86' title='bbox 346 1136 401 1203; x_wconf 78' lang='lat' dir='ltr'>ipso</span> <span class='ocrx_word' id='word_1_87' title='bbox 414 1144 534 1202; x_wconf 78' lang='lat' dir='ltr'>superest</span> <span class='ocrx_word' id='word_1_88' title='bbox 548 1134 573 1185; x_wconf 90' lang='lat' dir='ltr'>in</span> <span class='ocrx_word' id='word_1_89' title='bbox 585 1134 639 1185; x_wconf 87' lang='lat' dir='ltr'>line</span> <span class='ocrx_word' id='word_1_90' title='bbox 651 1133 809 1186; x_wconf 81' lang='lat' dir='ltr'><strong>Cloanthus:</strong></span> <span class='ocrx_word' id='word_1_91' title='bbox 928 1138 979 1188; x_wconf 79' lang='lat'>225</span> 
     </span>
    </p>

    <p class='ocr_par' dir='ltr' id='par_1_15' title="bbox 133 1202 827 1272">
     <span class='ocr_line' id='line_1_15' title="bbox 133 1202 827 1272; baseline 0.001 -18"><span class='ocrx_word' id='word_1_92' title='bbox 133 1202 222 1259; x_wconf 76' lang='lat' dir='ltr'>Quom</span> <span class='ocrx_word' id='word_1_93' title='bbox 235 1204 306 1272; x_wconf 83' lang='lat' dir='ltr'>petit,</span> <span class='ocrx_word' id='word_1_94' title='bbox 321 1214 347 1255; x_wconf 78' lang='lat' dir='ltr'>ct</span> <span class='ocrx_word' id='word_1_95' title='bbox 360 1204 473 1255; x_wconf 83' lang='lat' dir='ltr'>summis</span> <span class='ocrx_word' id='word_1_96' title='bbox 484 1202 598 1254; x_wconf 75' lang='lat' dir='ltr'>adnixus</span> <span class='ocrx_word' id='word_1_97' title='bbox 611 1202 712 1254; x_wconf 88' lang='lat' dir='ltr'>viribus</span> <span class='ocrx_word' id='word_1_98' title='bbox 723 1210 827 1271; x_wconf 85' lang='lat' dir='ltr'>urguet.</span> 
     </span>
    </p>

    <p class='ocr_par' dir='ltr' id='par_1_16' title="bbox 132 1272 880 1339">
     <span class='ocr_line' id='line_1_16' title="bbox 132 1272 880 1339; baseline 0.003 -16"><span class='ocrx_word' id='word_1_99' title='bbox 132 1272 202 1325; x_wconf 89' lang='lat' dir='ltr'>Tum</span> <span class='ocrx_word' id='word_1_100' title='bbox 215 1289 277 1324; x_wconf 83' lang='lat' dir='ltr'>vero</span> <span class='ocrx_word' id='word_1_101' title='bbox 289 1274 435 1339; x_wconf 67' lang='lat' dir='ltr'>ingentium</span> <span class='ocrx_word' id='word_1_102' title='bbox 447 1272 554 1339; x_wconf 86' lang='lat' dir='ltr'>clamor,</span> <span class='ocrx_word' id='word_1_103' title='bbox 567 1272 709 1339; x_wconf 91' lang='lat' dir='ltr'>cunctique</span> <span class='ocrx_word' id='word_1_104' title='bbox 721 1288 751 1324; x_wconf 89' lang='lat' dir='ltr'>se</span> <span class='ocrx_word' id='word_1_105' title='bbox 771 1281 880 1325; x_wconf 89' lang='lat' dir='ltr'>uentem</span> 
     </span>
    </p>

    <p class='ocr_par' dir='ltr' id='par_1_17' title="bbox 132 1340 822 1409">
     <span class='ocr_line' id='line_1_17' title="bbox 132 1340 822 1409; baseline 0 -16"><span class='ocrx_word' id='word_1_106' title='bbox 132 1340 261 1407; x_wconf 75' lang='lat' dir='ltr'>lustigant</span> <span class='ocrx_word' id='word_1_107' title='bbox 274 1342 376 1409; x_wconf 77' lang='lat' dir='ltr'>studiis,</span> <span class='ocrx_word' id='word_1_108' title='bbox 391 1350 548 1408; x_wconf 81' lang='lat' dir='ltr'>resonatque</span> <span class='ocrx_word' id='word_1_109' title='bbox 561 1340 708 1407; x_wconf 79' lang='lat' dir='ltr'>fragoribus</span> <span class='ocrx_word' id='word_1_110' title='bbox 719 1350 763 1393; x_wconf 89' lang='lat' dir='ltr'>aet</span> <span class='ocrx_word' id='word_1_111' title='bbox 784 1358 822 1393; x_wconf 89' lang='lat' dir='ltr'>er.</span> 
     </span>
    </p>

    <p class='ocr_par' dir='ltr' id='par_1_18' title="bbox 132 1408 886 1478">
     <span class='ocr_line' id='line_1_18' title="bbox 132 1408 886 1478; baseline 0.004 -18"><span class='ocrx_word' id='word_1_112' title='bbox 132 1409 166 1460; x_wconf 89' lang='lat' dir='ltr'>Hi</span> <span class='ocrx_word' id='word_1_113' title='bbox 181 1411 314 1478; x_wconf 85' lang='lat' dir='ltr'>proprium</span> <span class='ocrx_word' id='word_1_114' title='bbox 327 1410 449 1462; x_wconf 80' lang='lat' dir='ltr'>decusat</span> <span class='ocrx_word' id='word_1_115' title='bbox 461 1420 565 1478; x_wconf 87' lang='lat' dir='ltr'>partum</span> <span class='ocrx_word' id='word_1_116' title='bbox 579 1408 747 1476; x_wconf 84' lang='lat' dir='ltr'>indignantur</span> <span class='ocrx_word' id='word_1_117' title='bbox 758 1410 886 1463; x_wconf 86' lang='lat' dir='ltr'>honorem</span> 
     </span>
    </p>

    <p class='ocr_par' dir='ltr' id='par_1_19' title="bbox 132 1477 979 1547">
     <span class='ocr_line' id='line_1_19' title="bbox 132 1477 979 1547; baseline 0.002 -18"><span class='ocrx_word' id='word_1_118' title='bbox 132 1478 168 1529; x_wconf 90' lang='lat' dir='ltr'>Ni</span> <span class='ocrx_word' id='word_1_119' title='bbox 181 1487 297 1547; x_wconf 83' lang='lat' dir='ltr'>teneant,</span> <span class='ocrx_word' id='word_1_120' title='bbox 310 1480 448 1546; x_wconf 83' lang='lat' dir='ltr'>vitamque</span> <span class='ocrx_word' id='word_1_121' title='bbox 462 1477 552 1530; x_wconf 90' lang='lat' dir='ltr'>volunt</span> <span class='ocrx_word' id='word_1_122' title='bbox 565 1495 611 1546; x_wconf 89' lang='lat' dir='ltr'>pro</span> <span class='ocrx_word' id='word_1_123' title='bbox 625 1478 705 1530; x_wconf 86' lang='lat' dir='ltr'>laude</span> <span class='ocrx_word' id='word_1_124' title='bbox 716 1479 817 1547; x_wconf 83' lang='lat' dir='ltr'>pacisci</span> <span class='ocrx_word' id='word_1_125' title='bbox 824 1494 833 1547; x_wconf 81' lang='lat'><em>3</em></span> <span class='ocrx_word' id='word_1_126' title='bbox 927 1483 979 1531; x_wconf 82' lang='lat'>230</span> 
     </span>
    </p>

    <p class='ocr_par' dir='ltr' id='par_1_20' title="bbox 132 1547 864 1615">
     <span class='ocr_line' id='line_1_20' title="bbox 132 1547 864 1615; baseline 0.004 -17"><span class='ocrx_word' id='word_1_127' title='bbox 132 1548 188 1599; x_wconf 89' lang='lat' dir='ltr'>Hos</span> <span class='ocrx_word' id='word_1_128' title='bbox 200 1564 342 1599; x_wconf 80' lang='lat' dir='ltr'><strong>successus</strong></span> <span class='ocrx_word' id='word_1_129' title='bbox 353 1547 416 1599; x_wconf 90' lang='lat' dir='ltr'>alit:</span> <span class='ocrx_word' id='word_1_130' title='bbox 436 1556 552 1615; x_wconf 83' lang='lat' dir='ltr'>possunt,</span> <span class='ocrx_word' id='word_1_131' title='bbox 566 1548 629 1615; x_wconf 86' lang='lat' dir='ltr'>quia</span> <span class='ocrx_word' id='word_1_132' title='bbox 640 1563 720 1615; x_wconf 90' lang='lat' dir='ltr'>posse</span> <span class='ocrx_word' id='word_1_133' title='bbox 732 1547 864 1602; x_wconf 83' lang='lat' dir='ltr'>videntur.</span> 
     </span>
    </p>

    <p class='ocr_par' dir='ltr' id='par_1_21' title="bbox 134 1616 757 1685">
     <span class='ocr_line' id='line_1_21' title="bbox 134 1616 757 1685; baseline 0 -18"><span class='ocrx_word' id='word_1_134' title='bbox 134 1616 168 1667; x_wconf 75' lang='lat' dir='ltr'>Et</span> <span class='ocrx_word' id='word_1_135' title='bbox 180 1616 233 1667; x_wconf 85' lang='lat' dir='ltr'>sors</span> <span class='ocrx_word' id='word_1_136' title='bbox 245 1616 369 1683; x_wconf 85' lang='lat' dir='ltr'>aequatis</span> <span class='ocrx_word' id='word_1_137' title='bbox 381 1618 516 1684; x_wconf 85' lang='lat' dir='ltr'>cepissent</span> <span class='ocrx_word' id='word_1_138' title='bbox 528 1616 649 1685; x_wconf 84' lang='lat' dir='ltr'>praemia</span> <span class='ocrx_word' id='word_1_139' title='bbox 661 1616 757 1683; x_wconf 87' lang='lat' dir='ltr'>rostris,</span> 
     </span>
    </p>

    <p class='ocr_par' dir='ltr' id='par_1_22' title="bbox 132 1684 794 1754">
     <span class='ocr_line' id='line_1_22' title="bbox 132 1684 794 1754; baseline 0.002 -18"><span class='ocrx_word' id='word_1_140' title='bbox 132 1684 168 1736; x_wconf 86' lang='lat' dir='ltr'>Ni</span> <span class='ocrx_word' id='word_1_141' title='bbox 181 1684 284 1752; x_wconf 69' lang='lat' dir='ltr'>palmam</span> <span class='ocrx_word' id='word_1_142' title='bbox 295 1694 374 1753; x_wconf 87' lang='lat' dir='ltr'>punto</span> <span class='ocrx_word' id='word_1_143' title='bbox 387 1685 501 1737; x_wconf 88' lang='lat' dir='ltr'>tendens</span> <span class='ocrx_word' id='word_1_144' title='bbox 513 1694 637 1754; x_wconf 86' lang='lat' dir='ltr'>utrosque</span> <span class='ocrx_word' id='word_1_145' title='bbox 649 1684 794 1737; x_wconf 74' lang='lat' dir='ltr'><strong>Cloanthus</strong></span> 
     </span>
    </p>

    <p class='ocr_par' dir='ltr' id='par_1_23' title="bbox 133 1752 830 1823">
     <span class='ocr_line' id='line_1_23' title="bbox 133 1752 830 1823; baseline 0.004 -20"><span class='ocrx_word' id='word_1_146' title='bbox 133 1752 311 1821; x_wconf 87' lang='lat' dir='ltr'>Fudissctquc</span> <span class='ocrx_word' id='word_1_147' title='bbox 323 1770 424 1823; x_wconf 63' lang='lat' dir='ltr'>preces</span> <span class='ocrx_word' id='word_1_148' title='bbox 438 1754 566 1822; x_wconf 89' lang='lat' dir='ltr'>divosque</span> <span class='ocrx_word' id='word_1_149' title='bbox 579 1754 606 1805; x_wconf 91' lang='lat' dir='ltr'>in</span> <span class='ocrx_word' id='word_1_150' title='bbox 618 1762 681 1806; x_wconf 85' lang='lat' dir='ltr'>vota</span> <span class='ocrx_word' id='word_1_151' title='bbox 691 1762 830 1807; x_wconf 85' lang='lat' dir='ltr'>vocasset:</span> 
     </span>
    </p>

    <p class='ocr_par' dir='ltr' id='par_1_24' title="bbox 134 1823 979 1960">
     <span class='ocr_line' id='line_1_24' title="bbox 134 1823 909 1893; baseline 0.004 -19"><span class='ocrx_word' id='word_1_152' title='bbox 134 1823 191 1891; x_wconf 85' lang='lat' dir='ltr'>‘Di‚</span> <span class='ocrx_word' id='word_1_153' title='bbox 211 1823 309 1890; x_wconf 90' lang='lat' dir='ltr'>quibus</span> <span class='ocrx_word' id='word_1_154' title='bbox 326 1824 469 1893; x_wconf 85' lang='lat' dir='ltr'>imperium</span> <span class='ocrx_word' id='word_1_155' title='bbox 487 1823 575 1892; x_wconf 83' lang='lat' dir='ltr'>pelagi</span> <span class='ocrx_word' id='word_1_156' title='bbox 592 1830 642 1891; x_wconf 87' lang='lat' dir='ltr'>est,</span> <span class='ocrx_word' id='word_1_157' title='bbox 660 1838 774 1891; x_wconf 88' lang='lat' dir='ltr'>quorum</span> <span class='ocrx_word' id='word_1_158' title='bbox 790 1840 909 1893; x_wconf 85' lang='lat' dir='ltr'>aequora</span> 
     </span>
     <span class='ocr_line' id='line_1_25' title="bbox 202 1896 979 1960; baseline 0.005 -18"><span class='ocrx_word' id='word_1_159' title='bbox 202 1908 284 1960; x_wconf 85' lang='lat' dir='ltr'>curro,</span> <span class='ocrx_word' id='word_1_160' title='bbox 927 1896 979 1947; x_wconf 79' lang='lat'>2³5</span> 
     </span>
    </p>

    <p class='ocr_par' dir='ltr' id='par_1_25' title="bbox 131 1959 861 2023">
     <span class='ocr_line' id='line_1_26' title="bbox 131 1959 861 2023; baseline 0.003 -10"><span class='ocrx_word' id='word_1_161' title='bbox 131 1959 215 2013; x_wconf 80' lang='lat' dir='ltr'>Vobis</span> <span class='ocrx_word' id='word_1_162' title='bbox 227 1961 314 2013; x_wconf 89' lang='lat' dir='ltr'>laetus</span> <span class='ocrx_word' id='word_1_163' title='bbox 326 1978 375 2023; x_wconf 68' lang='lat' dir='ltr'>ego</span> <span class='ocrx_word' id='word_1_164' title='bbox 389 1961 439 2013; x_wconf 93' lang='lat' dir='ltr'>hoc</span> <span class='ocrx_word' id='word_1_165' title='bbox 451 1960 614 2013; x_wconf 89' lang='lat' dir='ltr'>candentem</span> <span class='ocrx_word' id='word_1_166' title='bbox 626 1960 655 2013; x_wconf 91' lang='lat' dir='ltr'>in</span> <span class='ocrx_word' id='word_1_167' title='bbox 665 1960 742 2013; x_wconf 89' lang='lat' dir='ltr'>litore</span> <span class='ocrx_word' id='word_1_168' title='bbox 754 1968 861 2015; x_wconf 85' lang='lat' dir='ltr'>taurum</span> 
     </span>
    </p>

    <p class='ocr_par' dir='ltr' id='par_1_26' title="bbox 132 2030 916 2098">
     <span class='ocr_line' id='line_1_27' title="bbox 132 2030 916 2098; baseline 0.003 -16"><span class='ocrx_word' id='word_1_169' title='bbox 132 2032 296 2083; x_wconf 83' lang='lat' dir='ltr'>constituam</span> <span class='ocrx_word' id='word_1_170' title='bbox 308 2040 371 2082; x_wconf 86' lang='lat' dir='ltr'>ante</span> <span class='ocrx_word' id='word_1_171' title='bbox 384 2048 450 2097; x_wconf 85' lang='lat' dir='ltr'>aras,</span> <span class='ocrx_word' id='word_1_172' title='bbox 463 2030 518 2081; x_wconf 88' lang='lat' dir='ltr'>voti</span> <span class='ocrx_word' id='word_1_173' title='bbox 532 2046 600 2097; x_wconf 88' lang='lat' dir='ltr'>reus,</span> <span class='ocrx_word' id='word_1_174' title='bbox 614 2038 729 2098; x_wconf 79' lang='lat' dir='ltr'>extaque</span> <span class='ocrx_word' id='word_1_175' title='bbox 741 2030 826 2083; x_wconf 86' lang='lat' dir='ltr'>salsos</span> <span class='ocrx_word' id='word_1_176' title='bbox 910 2033 916 2049; x_wconf 81' lang='lat'>&#39;</span> 
     </span>
    </p>

    <p class='ocr_par' dir='ltr' id='par_1_27' title="bbox 131 2098 822 2167">
     <span class='ocr_line' id='line_1_28' title="bbox 131 2098 822 2167; baseline -0.001 -14"><span class='ocrx_word' id='word_1_177' title='bbox 131 2100 274 2153; x_wconf 91' lang='lat' dir='ltr'>Porriciam</span> <span class='ocrx_word' id='word_1_178' title='bbox 287 2101 312 2152; x_wconf 93' lang='lat' dir='ltr'>in</span> <span class='ocrx_word' id='word_1_179' title='bbox 326 2100 423 2151; x_wconf 86' lang='lat' dir='ltr'>fluctus</span> <span class='ocrx_word' id='word_1_180' title='bbox 435 2108 462 2151; x_wconf 89' lang='lat' dir='ltr'>et</span> <span class='ocrx_word' id='word_1_181' title='bbox 475 2100 536 2151; x_wconf 84' lang='lat' dir='ltr'>vina</span> <span class='ocrx_word' id='word_1_182' title='bbox 548 2098 678 2167; x_wconf 86' lang='lat' dir='ltr'>liquentia</span> <span class='ocrx_word' id='word_1_183' title='bbox 690 2098 822 2153; x_wconf 68' lang='lat' dir='ltr'>lundam!</span> 
     </span>
    </p>

    <p class='ocr_par' dir='ltr' id='par_1_28' title="bbox 131 2167 813 2238">
     <span class='ocr_line' id='line_1_29' title="bbox 131 2167 813 2238; baseline 0 -17"><span class='ocrx_word' id='word_1_184' title='bbox 131 2170 210 2237; x_wconf 80' lang='lat' dir='ltr'>Dixit,</span> <span class='ocrx_word' id='word_1_185' title='bbox 224 2186 341 2238; x_wconf 88' lang='lat' dir='ltr'>eumque</span> <span class='ocrx_word' id='word_1_186' title='bbox 355 2169 417 2221; x_wconf 90' lang='lat' dir='ltr'>imis</span> <span class='ocrx_word' id='word_1_187' title='bbox 429 2169 479 2220; x_wconf 89' lang='lat' dir='ltr'>sub</span> <span class='ocrx_word' id='word_1_188' title='bbox 491 2167 618 2220; x_wconf 89' lang='lat' dir='ltr'>fluctibus</span> <span class='ocrx_word' id='word_1_189' title='bbox 629 2168 714 2221; x_wconf 84' lang='lat' dir='ltr'>audiit</span> <span class='ocrx_word' id='word_1_190' title='bbox 725 2168 813 2221; x_wconf 82' lang='lat' dir='ltr'>omnis</span> 
     </span>
    </p>

    <p class='ocr_par' dir='ltr' id='par_1_29' title="bbox 130 2236 979 2307">
     <span class='ocr_line' id='line_1_30' title="bbox 130 2236 979 2307; baseline -0.002 -14"><span class='ocrx_word' id='word_1_191' title='bbox 130 2240 281 2293; x_wconf 86' lang='lat' dir='ltr'>Nereidum</span> <span class='ocrx_word' id='word_1_192' title='bbox 294 2239 441 2306; x_wconf 88' lang='lat' dir='ltr'>Phorcique</span> <span class='ocrx_word' id='word_1_193' title='bbox 454 2236 550 2289; x_wconf 89' lang='lat' dir='ltr'>chorus</span> <span class='ocrx_word' id='word_1_194' title='bbox 562 2236 742 2305; x_wconf 84' lang='lat' dir='ltr'>Panopeaque</span> <span class='ocrx_word' id='word_1_195' title='bbox 753 2236 835 2307; x_wconf 80' lang='lat' dir='ltr'>virgo,</span> <span class='ocrx_word' id='word_1_196' title='bbox 925 2242 979 2291; x_wconf 77' lang='lat'>240</span> 
     </span>
    </p>

    <p class='ocr_par' dir='ltr' id='par_1_30' title="bbox 131 2306 793 2378">
     <span class='ocr_line' id='line_1_31' title="bbox 131 2306 793 2378; baseline -0.002 -18"><span class='ocrx_word' id='word_1_197' title='bbox 131 2309 165 2361; x_wconf 93' lang='lat' dir='ltr'>Et</span> <span class='ocrx_word' id='word_1_198' title='bbox 178 2318 253 2378; x_wconf 87' lang='lat' dir='ltr'>pater</span> <span class='ocrx_word' id='word_1_199' title='bbox 265 2309 323 2375; x_wconf 87' lang='lat' dir='ltr'>ipse</span> <span class='ocrx_word' id='word_1_200' title='bbox 335 2324 417 2359; x_wconf 90' lang='lat' dir='ltr'>manu</span> <span class='ocrx_word' id='word_1_201' title='bbox 430 2322 528 2373; x_wconf 86' lang='lat' dir='ltr'>magna</span> <span class='ocrx_word' id='word_1_202' title='bbox 540 2306 670 2359; x_wconf 85' lang='lat' dir='ltr'>Portunus</span> <span class='ocrx_word' id='word_1_203' title='bbox 682 2313 793 2359; x_wconf 87' lang='lat' dir='ltr'>euntem</span> 
     </span>
    </p>

    <p class='ocr_par' dir='ltr' id='par_1_31' title="bbox 130 2374 774 2447">
     <span class='ocr_line' id='line_1_32' title="bbox 130 2374 774 2447; baseline -0.005 -17"><span class='ocrx_word' id='word_1_204' title='bbox 130 2377 255 2447; x_wconf 88' lang='lat' dir='ltr'>Impulit:</span> <span class='ocrx_word' id='word_1_205' title='bbox 275 2376 320 2428; x_wconf 88' lang='lat' dir='ltr'>illa</span> <span class='ocrx_word' id='word_1_206' title='bbox 332 2378 403 2429; x_wconf 88' lang='lat' dir='ltr'>Noto</span> <span class='ocrx_word' id='word_1_207' title='bbox 415 2376 494 2427; x_wconf 87' lang='lat' dir='ltr'>citius</span> <span class='ocrx_word' id='word_1_208' title='bbox 504 2374 663 2442; x_wconf 87' lang='lat' dir='ltr'>volucrique</span> <span class='ocrx_word' id='word_1_209' title='bbox 675 2374 774 2442; x_wconf 73' lang='lat' dir='ltr'>sagitta</span> 
     </span>
    </p>

    <p class='ocr_par' dir='ltr' id='par_1_32' title="bbox 129 2442 751 2515">
     <span class='ocr_line' id='line_1_33' title="bbox 129 2442 751 2515; baseline -0.006 -16"><span class='ocrx_word' id='word_1_210' title='bbox 129 2447 173 2499; x_wconf 91' lang='lat' dir='ltr'>Ad</span> <span class='ocrx_word' id='word_1_211' title='bbox 187 2456 284 2499; x_wconf 86' lang='lat' dir='ltr'>terram</span> <span class='ocrx_word' id='word_1_212' title='bbox 296 2446 372 2515; x_wconf 85' lang='lat' dir='ltr'>fugit,</span> <span class='ocrx_word' id='word_1_213' title='bbox 386 2454 413 2497; x_wconf 89' lang='lat' dir='ltr'>et</span> <span class='ocrx_word' id='word_1_214' title='bbox 425 2453 502 2514; x_wconf 90' lang='lat' dir='ltr'>portu</span> <span class='ocrx_word' id='word_1_215' title='bbox 515 2461 545 2496; x_wconf 88' lang='lat' dir='ltr'>se</span> <span class='ocrx_word' id='word_1_216' title='bbox 557 2442 676 2496; x_wconf 90' lang='lat' dir='ltr'>condidit</span> <span class='ocrx_word' id='word_1_217' title='bbox 688 2443 751 2495; x_wconf 86' lang='lat' dir='ltr'>ulto.</span> 
     </span>
    </p>
   </div>
   <div class='ocr_carea' id='block_1_3' title="bbox 59 2570 1034 3209">
    <p class='ocr_par' dir='ltr' id='par_1_33' title="bbox 59 2570 1034 3209">
     <span class='ocr_line' id='line_1_34' title="bbox 60 2570 982 2634; baseline -0.002 -11"><span class='ocrx_word' id='word_1_218' title='bbox 60 2574 128 2634; x_wconf 80' lang='lat' dir='ltr'>slope</span> <span class='ocrx_word' id='word_1_219' title='bbox 140 2584 165 2621; x_wconf 91' lang='lat' dir='ltr'>to</span> <span class='ocrx_word' id='word_1_220' title='bbox 176 2572 219 2620; x_wconf 88' lang='lat' dir='ltr'>the</span> <span class='ocrx_word' id='word_1_221' title='bbox 230 2572 308 2619; x_wconf 87' lang='lat' dir='ltr'>shore.</span> <span class='ocrx_word' id='word_1_222' title='bbox 341 2572 388 2619; x_wconf 91' lang='lat' dir='ltr'>Sco</span> <span class='ocrx_word' id='word_1_223' title='bbox 401 2575 452 2626; x_wconf 80' lang='lat'>130,</span> <span class='ocrx_word' id='word_1_224' title='bbox 466 2571 559 2617; x_wconf 81' lang='lat' dir='ltr'>reverti.</span> <span class='ocrx_word' id='word_1_225' title='bbox 567 2572 656 2617; x_wconf 79' lang='grc'><strong>-213,</strong></span> <span class='ocrx_word' id='word_1_226' title='bbox 673 2570 712 2617; x_wconf 84' lang='grc' dir='ltr'>Ηο</span> <span class='ocrx_word' id='word_1_227' title='bbox 723 2586 778 2619; x_wconf 90' lang='lat' dir='ltr'>com</span> <span class='ocrx_word' id='word_1_228' title='bbox 860 2570 903 2619; x_wconf 85' lang='lat' dir='ltr'>the</span> <span class='ocrx_word' id='word_1_229' title='bbox 913 2570 982 2621; x_wconf 69' lang='lat' dir='ltr'>suist</span> 
     </span>
     <span class='ocr_line' id='line_1_35' title="bbox 60 2628 982 2691; baseline 0 -10"><span class='ocrx_word' id='word_1_230' title='bbox 60 2635 104 2682; x_wconf 88' lang='lat' dir='ltr'>but</span> <span class='ocrx_word' id='word_1_231' title='bbox 115 2632 202 2691; x_wconf 87' lang='lat' dir='ltr'>stendy</span> <span class='ocrx_word' id='word_1_232' title='bbox 213 2632 305 2679; x_wconf 90' lang='lat' dir='ltr'>motion</span> <span class='ocrx_word' id='word_1_233' title='bbox 316 2631 344 2678; x_wconf 86' lang='lat' dir='ltr'>of</span> <span class='ocrx_word' id='word_1_234' title='bbox 356 2630 397 2677; x_wconf 90' lang='lat' dir='ltr'>tho</span> <span class='ocrx_word' id='word_1_235' title='bbox 410 2630 498 2677; x_wconf 89' lang='lat' dir='ltr'>Pristis</span> <span class='ocrx_word' id='word_1_236' title='bbox 509 2638 535 2675; x_wconf 89' lang='lat' dir='ltr'>to</span> <span class='ocrx_word' id='word_1_237' title='bbox 546 2630 588 2675; x_wconf 89' lang='lat' dir='ltr'>the</span> <span class='ocrx_word' id='word_1_238' title='bbox 600 2629 693 2677; x_wconf 89' lang='lat' dir='ltr'>motion</span> <span class='ocrx_word' id='word_1_239' title='bbox 702 2628 732 2677; x_wconf 81' lang='lat' dir='ltr'>oi</span> <span class='ocrx_word' id='word_1_240' title='bbox 743 2646 759 2677; x_wconf 79' lang='lat' dir='ltr'>a</span> <span class='ocrx_word' id='word_1_241' title='bbox 784 2644 830 2679; x_wconf 85' lang='lat' dir='ltr'>ove</span> <span class='ocrx_word' id='word_1_242' title='bbox 841 2628 982 2691; x_wconf 70' lang='lat' dir='ltr'>hightened</span> 
     </span>
     <span class='ocr_line' id='line_1_36' title="bbox 59 2686 982 2749; baseline -0.002 -8"><span class='ocrx_word' id='word_1_243' title='bbox 59 2692 123 2741; x_wconf 81' lang='lat' dir='ltr'>from</span> <span class='ocrx_word' id='word_1_244' title='bbox 140 2693 171 2739; x_wconf 85' lang='lat' dir='ltr'>its</span> <span class='ocrx_word' id='word_1_245' title='bbox 189 2692 265 2749; x_wconf 88' lang='lat' dir='ltr'>rocky</span> <span class='ocrx_word' id='word_1_246' title='bbox 276 2691 357 2745; x_wconf 89' lang='lat' dir='ltr'>home,</span> <span class='ocrx_word' id='word_1_247' title='bbox 371 2690 452 2743; x_wconf 84' lang='lat' dir='ltr'>when,</span> <span class='ocrx_word' id='word_1_248' title='bbox 465 2686 602 2743; x_wconf 84' lang='lat' dir='ltr'>rcussured,</span> <span class='ocrx_word' id='word_1_249' title='bbox 621 2688 639 2734; x_wconf 91' lang='lat' dir='ltr'>it</span> <span class='ocrx_word' id='word_1_250' title='bbox 656 2688 747 2749; x_wconf 87' lang='lat' dir='ltr'>calmly</span> <span class='ocrx_word' id='word_1_251' title='bbox 762 2688 833 2737; x_wconf 79' lang='lat' dir='ltr'>sinlrs</span> <span class='ocrx_word' id='word_1_252' title='bbox 848 2688 923 2739; x_wconf 78' lang='lat' dir='ltr'>down</span> <span class='ocrx_word' id='word_1_253' title='bbox 936 2688 982 2739; x_wconf 87' lang='lat' dir='ltr'>the</span> 
     </span>
     <span class='ocr_line' id='line_1_37' title="bbox 59 2746 982 2817; baseline -0.004 -18"><span class='ocrx_word' id='word_1_254' title='bbox 59 2752 117 2813; x_wconf 83' lang='lat' dir='ltr'>shy,</span> <span class='ocrx_word' id='word_1_255' title='bbox 131 2750 234 2799; x_wconf 85' lang='lat' dir='ltr'>without</span> <span class='ocrx_word' id='word_1_256' title='bbox 246 2750 345 2810; x_wconf 81' lang='lat' dir='ltr'>moving</span> <span class='ocrx_word' id='word_1_257' title='bbox 356 2750 387 2795; x_wconf 89' lang='lat' dir='ltr'>its</span> <span class='ocrx_word' id='word_1_258' title='bbox 398 2748 582 2807; x_wconf 65' lang='lat' dir='ltr'>wintra-221.</span> <span class='ocrx_word' id='word_1_259' title='bbox 599 2746 682 2795; x_wconf 89' lang='lat' dir='ltr'>Three</span> <span class='ocrx_word' id='word_1_260' title='bbox 698 2756 782 2808; x_wconf 80' lang='lat' dir='ltr'>stages</span> <span class='ocrx_word' id='word_1_261' title='bbox 792 2746 818 2795; x_wconf 89' lang='lat' dir='ltr'>in</span> <span class='ocrx_word' id='word_1_262' title='bbox 833 2758 876 2796; x_wconf 85' lang='lat' dir='ltr'>tue</span> <span class='ocrx_word' id='word_1_263' title='bbox 891 2761 982 2817; x_wconf 78' lang='lat' dir='ltr'>escape</span> 
     </span>
     <span class='ocr_line' id='line_1_38' title="bbox 59 2805 983 2871; baseline -0.002 -12"><span class='ocrx_word' id='word_1_264' title='bbox 59 2810 89 2859; x_wconf 87' lang='lat' dir='ltr'>os</span> <span class='ocrx_word' id='word_1_265' title='bbox 101 2811 238 2871; x_wconf 83' lang='lat' dir='ltr'>Sergestcs.</span> <span class='ocrx_word' id='word_1_266' title='bbox 271 2810 335 2857; x_wconf 83' lang='lat' dir='ltr'>l&#39;irst</span> <span class='ocrx_word' id='word_1_267' title='bbox 347 2806 385 2855; x_wconf 85' lang='lat' dir='ltr'>oll</span> <span class='ocrx_word' id='word_1_268' title='bbox 396 2807 438 2853; x_wconf 85' lang='lat' dir='ltr'>the</span> <span class='ocrx_word' id='word_1_269' title='bbox 450 2805 522 2862; x_wconf 88' lang='lat' dir='ltr'>rock;</span> <span class='ocrx_word' id='word_1_270' title='bbox 542 2805 598 2851; x_wconf 91' lang='lat' dir='ltr'>then</span> <span class='ocrx_word' id='word_1_271' title='bbox 614 2806 638 2852; x_wconf 90' lang='lat' dir='ltr'>in</span> <span class='ocrx_word' id='word_1_272' title='bbox 653 2806 696 2854; x_wconf 88' lang='lat' dir='ltr'>the</span> <span class='ocrx_word' id='word_1_273' title='bbox 711 2806 816 2855; x_wconf 80' lang='lat' dir='ltr'>shallow</span> <span class='ocrx_word' id='word_1_274' title='bbox 826 2814 903 2855; x_wconf 81' lang='lat' dir='ltr'>water</span> <span class='ocrx_word' id='word_1_275' title='bbox 912 2816 938 2857; x_wconf 77' lang='lat' dir='ltr'>at</span> <span class='ocrx_word' id='word_1_276' title='bbox 948 2815 983 2857; x_wconf 70' lang='lat' dir='ltr'>tt!</span> 
     </span>
     <span class='ocr_line' id='line_1_39' title="bbox 60 2863 983 2929; baseline -0.001 -13"><span class='ocrx_word' id='word_1_277' title='bbox 60 2869 138 2929; x_wconf 82' lang='lat' dir='ltr'>edgo;</span> <span class='ocrx_word' id='word_1_278' title='bbox 157 2870 224 2924; x_wconf 85' lang='lat' dir='ltr'>theu,</span> <span class='ocrx_word' id='word_1_279' title='bbox 238 2868 298 2915; x_wconf 83' lang='lat' dir='ltr'>uftcr</span> <span class='ocrx_word' id='word_1_280' title='bbox 311 2882 324 2915; x_wconf 89' lang='lat' dir='ltr'>u</span> <span class='ocrx_word' id='word_1_281' title='bbox 335 2866 391 2913; x_wconf 81' lang='lat' dir='ltr'>vain</span> <span class='ocrx_word' id='word_1_282' title='bbox 407 2880 449 2924; x_wconf 90' lang='lat' dir='ltr'>cry</span> <span class='ocrx_word' id='word_1_283' title='bbox 460 2864 497 2911; x_wconf 91' lang='lat' dir='ltr'>sor</span> <span class='ocrx_word' id='word_1_284' title='bbox 508 2863 573 2922; x_wconf 85' lang='lat' dir='ltr'>help,</span> <span class='ocrx_word' id='word_1_285' title='bbox 587 2864 669 2925; x_wconf 85' lang='lat' dir='ltr'>nying</span> <span class='ocrx_word' id='word_1_286' title='bbox 684 2864 726 2913; x_wconf 85' lang='lat' dir='ltr'>tlte</span> <span class='ocrx_word' id='word_1_287' title='bbox 737 2866 832 2913; x_wconf 84' lang='lat' dir='ltr'>broken</span> <span class='ocrx_word' id='word_1_288' title='bbox 846 2880 910 2915; x_wconf 70' lang='lat' dir='ltr'>aare.</span> <span class='ocrx_word' id='word_1_289' title='bbox 941 2864 983 2915; x_wconf 76' lang='lat' dir='ltr'>He</span> 
     </span>
     <span class='ocr_line' id='line_1_40' title="bbox 60 2922 981 2984; baseline -0.001 -10"><span class='ocrx_word' id='word_1_290' title='bbox 60 2928 120 2975; x_wconf 84' lang='lat' dir='ltr'>toolr</span> <span class='ocrx_word' id='word_1_291' title='bbox 131 2938 156 2973; x_wconf 91' lang='lat' dir='ltr'>to</span> <span class='ocrx_word' id='word_1_292' title='bbox 167 2928 205 2973; x_wconf 88' lang='lat' dir='ltr'>his</span> <span class='ocrx_word' id='word_1_293' title='bbox 216 2928 274 2974; x_wconf 81' lang='lat' dir='ltr'>soils</span> <span class='ocrx_word' id='word_1_294' title='bbox 290 2936 314 2974; x_wconf 87' lang='lat' dir='ltr'>nt</span> <span class='ocrx_word' id='word_1_295' title='bbox 327 2926 387 2981; x_wconf 77' lang='lat' dir='ltr'>lust3</span> <span class='ocrx_word' id='word_1_296' title='bbox 405 2925 553 2971; x_wconf 71' lang='lat' dir='ltr'>esu—224.</span> <span class='ocrx_word' id='word_1_297' title='bbox 574 2922 649 2971; x_wconf 80' lang='lat' dir='ltr'>Cedit.</span> <span class='ocrx_word' id='word_1_298' title='bbox 682 2922 916 2973; x_wconf 68' lang='lat' dir='ltr'>Chimaera-229.</span> <span class='ocrx_word' id='word_1_299' title='bbox 931 2923 981 2984; x_wconf 72' lang='lat' dir='ltr'>Hi.</span> 
     </span>
     <span class='ocr_line' id='line_1_41' title="bbox 61 2981 982 3047; baseline -0.002 -14"><span class='ocrx_word' id='word_1_300' title='bbox 61 2986 131 3033; x_wconf 85' lang='lat' dir='ltr'>these</span> <span class='ocrx_word' id='word_1_301' title='bbox 147 2986 176 3032; x_wconf 85' lang='lat' dir='ltr'>of</span> <span class='ocrx_word' id='word_1_302' title='bbox 189 2986 432 3031; x_wconf 75' lang='lat' dir='ltr'>Cloanthus-231.</span> <span class='ocrx_word' id='word_1_303' title='bbox 450 2983 512 3036; x_wconf 84' lang='lat' dir='ltr'>Hos,</span> <span class='ocrx_word' id='word_1_304' title='bbox 531 2981 645 3030; x_wconf 87' lang='lat' dir='ltr'>theseos</span> <span class='ocrx_word' id='word_1_305' title='bbox 659 2982 916 3031; x_wconf 56' lang='lat' dir='ltr'>Mnesthea-285.</span> <span class='ocrx_word' id='word_1_306' title='bbox 932 2982 982 3047; x_wconf 71' lang='lat' dir='ltr'>Ae·</span> 
     </span>
     <span class='ocr_line' id='line_1_42' title="bbox 61 3040 1034 3109; baseline 0.002 -19"><span class='ocrx_word' id='word_1_307' title='bbox 61 3060 137 3104; x_wconf 80' lang='lat' dir='ltr'>quoru</span> <span class='ocrx_word' id='word_1_308' title='bbox 157 3060 234 3090; x_wconf 85' lang='lat' dir='ltr'>carro.</span> <span class='ocrx_word' id='word_1_309' title='bbox 274 3046 297 3089; x_wconf 87' lang='grc' dir='ltr'>Λ</span> <span class='ocrx_word' id='word_1_310' title='bbox 315 3043 418 3100; x_wconf 82' lang='lat' dir='ltr'>poeticnl</span> <span class='ocrx_word' id='word_1_311' title='bbox 434 3041 613 3097; x_wconf 77' lang='lat' dir='ltr'>constntction3</span> <span class='ocrx_word' id='word_1_312' title='bbox 636 3040 679 3109; x_wconf 85' lang='lat' dir='ltr'>the</span> <span class='ocrx_word' id='word_1_313' title='bbox 711 3056 765 3089; x_wconf 84' lang='lat' dir='ltr'>rose</span> <span class='ocrx_word' id='word_1_314' title='bbox 781 3040 865 3089; x_wconf 82' lang='lat' dir='ltr'>would</span> <span class='ocrx_word' id='word_1_315' title='bbox 879 3042 921 3099; x_wconf 84' lang='lat' dir='ltr'>be.</span> <span class='ocrx_word' id='word_1_316' title='bbox 937 3055 986 3102; x_wconf 74' lang='lat' dir='ltr'>per</span> <span class='ocrx_word' id='word_1_317' title='bbox 1026 3065 1034 3092; x_wconf 95' lang='lat'>·.</span> 
     </span>
     <span class='ocr_line' id='line_1_43' title="bbox 60 3056 1033 3209; baseline 0.001 -1"><span class='ocrx_word' id='word_1_318' title='bbox 60 3102 464 3209; x_wconf 51' lang='lat' dir='ltr'>trauasustituit-stt</span> <span class='ocrx_word' id='word_1_319' title='bbox 480 3098 625 3205; x_wconf 57' lang='lat' dir='ltr'>tlt-&#39;nt</span> <span class='ocrx_word' id='word_1_320' title='bbox 643 3056 997 3209; x_wconf 64' lang='lat' dir='ltr'>utiliusne·</span> <span class='ocrx_word' id='word_1_321' title='bbox 1030 3167 1033 3174; x_wconf 90' lang='lat'><em>-</em></span> 
     </span>
    </p>
   </div>
   <div class='ocr_carea' id='block_1_4' title="bbox 60 3216 1032 3331">
    <p class='ocr_par' dir='ltr' id='par_1_34' title="bbox 60 3216 1032 3331">
     <span class='ocr_line' id='line_1_44' title="bbox 60 3216 997 3323; baseline -0.004 -55"><span class='ocrx_word' id='word_1_322' title='bbox 60 3220 177 3276; x_wconf 75' lang='lat' dir='ltr'>Phornts,</span> <span class='ocrx_word' id='word_1_323' title='bbox 192 3220 311 3279; x_wconf 75' lang='lat' dir='ltr'>Phorcys,</span> <span class='ocrx_word' id='word_1_324' title='bbox 324 3235 351 3265; x_wconf 92' lang='lat' dir='ltr'>or</span> <span class='ocrx_word' id='word_1_325' title='bbox 363 3218 484 3276; x_wconf 63' lang='lat' dir='ltr'>Phorcus</span> <span class='ocrx_word' id='word_1_326' title='bbox 504 3232 518 3263; x_wconf 89' lang='lat' dir='ltr'><strong>u</strong></span> <span class='ocrx_word' id='word_1_327' title='bbox 534 3232 577 3264; x_wconf 88' lang='lat' dir='ltr'>sco</span> <span class='ocrx_word' id='word_1_328' title='bbox 592 3217 668 3323; x_wconf 45' lang='lat' dir='ltr'>daug,</span> <span class='ocrx_word' id='word_1_329' title='bbox 681 3232 709 3264; x_wconf 85' lang='lat' dir='ltr'>ss</span> <span class='ocrx_word' id='word_1_330' title='bbox 720 3232 771 3264; x_wconf 81' lang='lat' dir='ltr'>was</span> <span class='ocrx_word' id='word_1_331' title='bbox 782 3216 906 3279; x_wconf 74' lang='lat' dir='ltr'>Panopen.</span> <span class='ocrx_word' id='word_1_332' title='bbox 918 3216 997 3269; x_wconf 68' lang='lat' dir='ltr'>finit·</span> 
     </span>
     <span class='ocr_line' id='line_1_45' title="bbox 61 3274 1032 3331; baseline 0.002 -6"><span class='ocrx_word' id='word_1_333' title='bbox 61 3280 103 3327; x_wconf 91' lang='lat' dir='ltr'>the</span> <span class='ocrx_word' id='word_1_334' title='bbox 126 3280 208 3327; x_wconf 86' lang='lat' dir='ltr'>Greek</span> <span class='ocrx_word' id='word_1_335' title='bbox 230 3280 420 3331; x_wconf 57' lang='lat' dir='ltr'>nnuma-241.</span> <span class='ocrx_word' id='word_1_336' title='bbox 437 3276 573 3331; x_wconf 79' lang='lat' dir='ltr'>Portunus,</span> <span class='ocrx_word' id='word_1_337' title='bbox 594 3292 622 3323; x_wconf 92' lang='lat' dir='ltr'>or</span> <span class='ocrx_word' id='word_1_338' title='bbox 660 3286 796 3331; x_wconf 84' lang='lat' dir='ltr'>ortumnus,</span> <span class='ocrx_word' id='word_1_339' title='bbox 819 3276 861 3323; x_wconf 88' lang='lat' dir='ltr'>tlre</span> <span class='ocrx_word' id='word_1_340' title='bbox 883 3274 1032 3327; x_wconf 75' lang='lat' dir='ltr'>Romn&#39;&#39;&#39;&#39;</span> 
     </span>
    </p>
   </div>
   <div class='ocr_carea' id='block_1_5' title="bbox 62 3333 1026 3453">
    <p class='ocr_par' dir='ltr' id='par_1_35' title="bbox 62 3333 1026 3453">
     <span class='ocr_line' id='line_1_46' title="bbox 62 3333 1026 3399; baseline -0.002 -13"><span class='ocrx_word' id='word_1_341' title='bbox 62 3338 168 3399; x_wconf 84' lang='lat' dir='ltr'>tutelury</span> <span class='ocrx_word' id='word_1_342' title='bbox 179 3338 227 3397; x_wconf 75' lang='lat' dir='ltr'>god</span> <span class='ocrx_word' id='word_1_343' title='bbox 243 3337 270 3383; x_wconf 85' lang='lat' dir='ltr'>of</span> <span class='ocrx_word' id='word_1_344' title='bbox 282 3337 407 3383; x_wconf 85' lang='lat' dir='ltr'>hnrbours.</span> <span class='ocrx_word' id='word_1_345' title='bbox 440 3335 560 3394; x_wconf 74' lang='lat' dir='ltr'>&#39;l&#39;hrough</span> <span class='ocrx_word' id='word_1_346' title='bbox 571 3334 622 3382; x_wconf 91' lang='lat' dir='ltr'>him</span> <span class='ocrx_word' id='word_1_347' title='bbox 639 3334 680 3381; x_wconf 88' lang='lat' dir='ltr'>the</span> <span class='ocrx_word' id='word_1_348' title='bbox 696 3334 750 3393; x_wconf 86' lang='lat' dir='ltr'>ship</span> <span class='ocrx_word' id='word_1_349' title='bbox 761 3334 862 3383; x_wconf 87' lang='lat' dir='ltr'>entered</span> <span class='ocrx_word' id='word_1_350' title='bbox 872 3334 917 3385; x_wconf 78' lang='lat' dir='ltr'>the</span> <span class='ocrx_word' id='word_1_351' title='bbox 925 3334 999 3395; x_wconf 61' lang='lat' dir='ltr'>lra&#39;rs·</span> <span class='ocrx_word' id='word_1_352' title='bbox 1013 3333 1026 3397; x_wconf 63' lang='lat' dir='ltr'><em>j</em></span> 
     </span>
     <span class='ocr_line' id='line_1_47' title="bbox 75 3392 999 3453; baseline -0.005 -6"><span class='ocrx_word' id='word_1_353' title='bbox 75 3412 131 3447; x_wconf 77' lang='lat' dir='ltr'>tour.</span> <span class='ocrx_word' id='word_1_354' title='bbox 168 3398 216 3445; x_wconf 81' lang='lat' dir='ltr'>Sco</span> <span class='ocrx_word' id='word_1_355' title='bbox 232 3399 380 3445; x_wconf 67' lang='lat' dir='ltr'>alst-243.</span> <span class='ocrx_word' id='word_1_356' title='bbox 400 3394 424 3443; x_wconf 92' lang='lat' dir='ltr'>N</span> <span class='ocrx_word' id='word_1_357' title='bbox 427 3395 489 3442; x_wconf 87' lang='lat' dir='ltr'>otico</span> <span class='ocrx_word' id='word_1_358' title='bbox 507 3394 587 3453; x_wconf 77' lang='lat' dir='ltr'>fugit,</span> <span class='ocrx_word' id='word_1_359' title='bbox 605 3402 713 3453; x_wconf 82' lang='lat' dir='ltr'>present,</span> <span class='ocrx_word' id='word_1_360' title='bbox 730 3392 778 3442; x_wconf 89' lang='lat' dir='ltr'>and</span> <span class='ocrx_word' id='word_1_361' title='bbox 797 3394 913 3453; x_wconf 76' lang='lat' dir='ltr'>condidit,</span> <span class='ocrx_word' id='word_1_362' title='bbox 930 3396 999 3453; x_wconf 66' lang='lat' dir='ltr'>thee-⁷</span> 
     </span>
    </p>
   </div>
   <div class='ocr_carea' id='block_1_6' title="bbox 0 0 1044 3622">
    <p class='ocr_par' dir='ltr' id='par_1_36' title="bbox 0 0 1044 3622">
     <span class='ocr_line' id='line_1_48' title="bbox 0 0 1044 3622; baseline 0 0"><span class='ocrx_word' id='word_1_363' title='bbox 0 0 1044 3622; x_wconf 95' lang='lat' dir='ltr'> </span> 
     </span>
    </p>
   </div>
  </div>
 </body>
</html>
