2086 3622
383 187 476 228 1111111
495 189 537 228 rx.
853 173 913 230 345

67 315 135 369 Esse
143 322 245 384 putent,
255 314 390 371 decimum
398 332 465 385 quos
476 314 577 368 distulit
585 315 682 368 Hector
691 317 719 369 in
730 332 841 371 annum.
863 320 912 370 155

66 384 145 437 Nunc
157 384 232 453 adeo,
245 384 339 437 melior
350 386 476 453 quoniam
489 401 550 453 pers
561 393 622 437 acta
633 386 696 455 diei,

65 453 143 511 Quod
156 462 283 523 superest,
296 455 360 506 laeti
370 455 440 507 benc
452 455 535 521 gestis
546 470 654 522 corpora
666 455 746 507 rebus

51 522 215 592 ·Procurate,
229 522 291 592 viri5
310 533 337 576 et
348 540 466 592 pugnam
478 531 582 590 sperate
594 523 697 591 parati.²

100 592 205 644 Interea
216 592 326 659 vigilum
338 593 461 645 excubiis
472 590 593 644 obsidere
605 601 695 661 portas

66 660 136 712 Cura
147 661 224 714 detur
236 662 363 732 Messapo
376 671 403 713 et
414 661 521 714 moenia
532 661 638 729 cingere
651 660 778 715 flammis.
863 666 911 714 160

65 729 111 781 Β11
123 738 227 797 septem
239 731 337 799 Rutuli,
350 747 440 783 muros
451 730 497 798 qui
508 730 593 783 milite
605 740 719 800 servent,

66 798 185 866 Delecti3
203 808 245 851 ast
257 799 315 850 illos
326 800 432 852 centeni
444 816 579 869 quemque
591 809 738 867 sequuntur

66 867 195 936 Purpurei
207 866 293 919 cristis
303 867 416 937 juvenes
427 884 544 936 auroque
555 870 666 920 corusci.
833 919 837 925 .

66 935 229 1005 Discurrunt,
242 937 400 1006 variantque¹
410 939 491 1006 vices,
505 937 612 1006 fusique
624 955 672 1007 per
682 937 796 992 herbam

65 1005 206 1072 Indulgent
218 1007 286 1075 vinc,
300 1015 327 1058 et
339 1016 444 1061 vertunt
455 1015 572 1060 crateras
583 1011 671 1060 aenos.
861 1011 910 1060 165

66 1074 204 1127 Collucent
216 1075 308 1144 ignes;
326 1084 434 1129 noctem
445 1076 564 1129 custodia
576 1077 649 1129 ducit

65 1143 219 1196 Insomnem
231 1145 301 1198 ludo.

99 1213 174 1264 Haec
186 1230 265 1281 super
277 1231 292 1266 e
305 1213 374 1266 vallo
386 1221 554 1283 prospectant
566 1214 655 1282 Troes,
669 1220 696 1265 et
708 1209 791 1268 arruis

64 1281 128 1334 Alte
140 1289 247 1350 tenent,
265 1299 379 1336 necnon
391 1282 486 1351 trepidi
497 1282 638 1334 formidine
650 1290 739 1351 portas
811 1300 814 1305 ·

65 1352 107 1403 Er
127 1350 217 1421 lorant,
231 1352 371 1421 pontisque
383 1361 410 1404 et
422 1351 618 1420 propugnacula
628 1350 748 1421 jungunt,
862 1355 911 1406 170
926 1357 929 1362 ’

65 1368 132 1471 Teii
143 1431 246 1487 gerunt.
283 1422 383 1474 Instant
395 1421 556 1474 Mnestheus
567 1437 682 1489 acerque
695 1422 830 1490 Serestus,

66 1489 139 1546 Quos
150 1499 225 1558 pater
236 1493 351 1559 Aeneas,
365 1490 388 1542 si
400 1490 506 1558 quando
518 1489 631 1542 adversa
642 1498 774 1559 vocarent,

64 1559 191 1612 Rectores
201 1560 329 1629 juvenum
343 1568 370 1612 et
382 1576 470 1612 rerum
482 1559 556 1612 dedit
568 1576 629 1611 esse
640 1561 789 1631 magistros,

65 1630 158 1682 Omnis
169 1646 216 1698 per
226 1646 317 1682 muros
329 1629 406 1698 legio,
420 1629 511 1682 sortita
522 1629 659 1700 periclum,

66 1699 188 1752 Excubat
197 1708 358 1768 exercetque
367 1700 447 1767 vices,
458 1699 528 1767 quod
541 1699 637 1767 cuique
648 1698 779 1752 tuendum
791 1705 840 1752 est.
862 1702 911 1750 175

99 1769 182 1821 Nisus
194 1777 250 1820 erat
262 1777 353 1838 portae
366 1776 463 1836 custos,
477 1769 623 1821 acerrimus
634 1769 723 1838 armis,

65 1837 231 1906 Hyrtacides,
244 1837 371 1890 comitem
384 1840 494 1890 Aeneae
506 1854 589 1904 quem
601 1839 712 1890 miserat
723 1837 773 1891 Ida

65 1906 198 1974 Venatrix,
210 1906 297 1973 jaculo
309 1907 427 1958 celerem
439 1905 597 1973 levibusque
610 1907 729 1973 sagittis3

66 1976 100 2027 Et
111 1974 187 2042 juxta
200 1991 291 2028 comes
303 1974 443 2042 Euryalus,
456 1989 508 2040 quo
520 1974 652 2043 pulchrior
663 1975 731 2026 alter

65 2044 125 2096 Non
138 2043 187 2095 luit
198 2043 357 2095 Aeneadum
370 2041 484 2109 Trojano
495 2058 583 2110 neque
595 2042 680 2095 induit
692 2059 776 2111 anna,
862 2045 911 2095 180

65 2114 117 2165 Ora
129 2128 196 2180 puer
207 2113 293 2180 prima
305 2112 412 2179 signans
425 2113 527 2162 intonsa
537 2111 656 2179 juventa.

65 2183 115 2234 His
125 2197 200 2233 arnor
211 2197 280 2233 unus
292 2190 354 2248 erat,
369 2181 519 2248 pariterque
531 2180 556 2232 in
572 2179 642 2233 bella
655 2180 781 2247 ruebant;

64 2253 136 2303 Tum
148 2266 253 2318 quoque
265 2250 400 2301 communi
413 2258 515 2316 portam
528 2250 640 2302 statione
653 2249 788 2302 tenebant.

64 2321 148 2372 Nisus
159 2321 210 2371 ait:
232 2319 315 2371 ‘Dine
328 2318 399 2371 huno
410 2318 527 2370 ardorem
537 2320 672 2372 mentibus
684 2318 794 2386 addunt,

67 2389 190 2458 Euryale,
203 2405 238 2441 an
250 2405 298 2440 sua
311 2390 406 2456 cuique
419 2387 487 2439 deus
498 2387 527 2440 fit
539 2387 596 2440 dira
608 2388 724 2458 cupidol
862 2390 911 2440 185

65 2462 119 2511 Aut
132 2475 256 2528 pugnam,
269 2465 316 2509 aut
327 2457 425 2526 aliquid
437 2456 596 2525 jamdudum
610 2458 735 2510 invadere
747 2472 876 2524 magnum

65 2530 146 2582 Mens
156 2529 239 2595 agitat
252 2527 326 2596 mihi,
339 2544 390 2579 nec
402 2526 507 2595 placida
519 2536 642 2580 contenta
654 2529 745 2596 quiete
756 2535 807 2580 111.

65 2598 163 2666 Cernis,
177 2613 245 2666 quae
258 2597 367 2650 Rutulos
378 2597 475 2649 habeat
486 2595 587 2648 fiducia
598 2613 700 2650 rerum:

65 2666 178 2718 Lumina
190 2682 247 2717 rara
258 2666 373 2732 micant3
392 2681 483 2718 somno
495 2665 609 2734 vinoque
622 2665 701 2718 soluti

65 2734 233 2787 Procubuere
240 2750 248 2802 3
267 2733 345 2786 silent
357 2734 410 2785 late
422 2734 489 2785 loca.
525 2733 732 2802 Percipeporro,
862 2736 910 2784 190

66 2803 136 2862 Quid
149 2803 278 2869 dubitem,
291 2810 318 2853 et
330 2818 400 2870 quae
412 2818 483 2854 nunc
495 2801 584 2853 animo
597 2803 731 2854 sententia
741 2811 841 2869 surgat.

65 2876 178 2927 Aenean
190 2871 269 2924 acciri
280 2886 381 2938 omnes,
395 2870 560 2938 populusque
572 2876 721 2939 patresque,

66 2943 228 3013 Exposcunt,
242 2939 366 3007 mittique
378 2941 456 3008 viros,
470 2939 516 3007 qui
528 2948 601 2990 certa
613 2946 754 3008 reportent.

65 3011 100 3081 Si,
114 3011 162 3064 tibi
174 3026 243 3080 quae
255 3024 343 3079 posco,
356 3009 611 3077 promittunt-nam
622 3007 689 3060 milri
700 3008 765 3062 facti

65 3081 150 3135 Fama
163 3088 204 3133 sat
215 3077 395 3132 est-tumulo
408 3077 498 3130 videor
510 3077 624 3146 reperire
636 3077 687 3130 sub
699 3077 744 3130 illo
863 3080 911 3132 195

25 3232 78 3279 170.
93 3226 191 3281 Poetis,
202 3224 419 3274 communicatione
428 3225 541 3271 between
551 3223 593 3270 the
601 3223 713 3272 different
720 3226 910 3286 propugnaculo.

18 3291 85 3340 Ι176.
102 3285 150 3334 See
163 3284 240 3334 Nisus
251 3284 298 3333 eud
309 3282 431 3343 Euryalus
442 3282 489 3330 and
499 3282 563 3330 their
572 3283 713 3342 friendship,
726 3299 749 3331 v.
761 3287 902 3332 ate-361.-

18 3344 51 3403 η,
65 3344 219 3409 Hyrtacides.
251 3344 299 3392 See
315 3351 339 3391 at
355 3358 383 3411 y.¹
394 3344 544 3412 4927-167.
560 3341 647 3404 Agitat
660 3343 912 3404 pugnam-imam

18 3402 196 3457 beccusativc
206 3403 234 3452 of
246 3403 287 3452 the
299 3401 424 3455 infinrtrve)
435 3402 499 3450 meti.
