2078 3622
427 177 609 217 GEORGICON.

123 307 208 361 Urunt
220 305 339 360 Lethaeo
351 304 505 426 perlusalpa
540 322 604 358 vera
617 319 709 359 somno

123 376 175 429 Sed
188 385 279 429 tamen
291 374 400 428 alternis
411 373 464 426 laci
475 392 498 427 rs
519 374 597 427 abor:
617 372 692 427 arida
704 380 808 428 tautum

123 447 166 499 Ne
179 457 295 499 saturare
306 444 371 497 fimo
383 443 475 513 pingui
505 445 585 496 udeat
597 443 662 513 sola,
675 460 744 496 neve

125 514 228 568 Effetos
240 513 360 567 cinerem
372 511 474 567 immun
496 531 542 566 urn
558 512 659 584 jactare
671 529 719 581 per
730 529 816 581 agros.

124 584 168 636 Sic
180 600 217 654 qu
253 600 286 636 ue
299 583 410 636 mutatis
423 583 593 652 requiescunt
607 582 708 635 letibus
719 599 798 651 arva,

123 654 183 707 Nec
195 653 268 706 nula
279 653 381 705 interea
392 661 432 704 est
444 653 563 704 inaratae
575 651 659 720 gratia
671 659 765 705 terrae.

125 722 210 792 Saepe
222 723 304 775 etiam
317 720 421 774 steriles
432 720 576 775 incendere
588 720 687 790 profuit
698 737 760 789 agro

124 794 214 860 Atque
226 790 316 844 levem
328 790 455 861 stipulam
466 789 659 860 crepitantibus
672 806 747 842 urere
797 791 894 845 mmis:
942 796 977 846 85

125 860 186 913 Sive
198 859 261 913 inde
273 860 392 913 occultas
404 861 475 912 vires
486 868 514 913 et
560 858 625 912 bula
637 867 723 913 terrae

126 929 238 998 Pinguia
250 929 400 998 concipiunt
407 946 415 999 5
434 928 491 981 sive
503 928 510 980 i
534 928 557 982 is
567 945 647 982 omne
660 945 708 998 per
720 927 812 997 iguem

126 999 200 1052 Exco
219 1001 289 1052 uitur
301 999 404 1068 vitium,
416 1005 497 1066 atque
509 998 622 1052 exsudat
633 996 734 1050 inutilis
745 996 841 1051 humor
846 1014 855 1066 5

127 1067 179 1121 Seu
191 1016 275 1138 piiuris
287 1068 358 1121 calor
369 1068 416 1120 ille
428 1067 486 1120 vias
497 1073 524 1119 et
536 1084 619 1120 caeca
631 1066 732 1120 relaxat

128 1137 301 1207 Spiramenta,
314 1153 396 1190 novas
407 1136 498 1189 veniat
510 1153 564 1206 qua
576 1153 673 1190 succus
685 1136 712 1188 iu
725 1135 837 1206 herbas,
943 1140 977 1189 9⁰

128 1206 180 1259 Seu
193 1207 269 1260 durat
281 1206 377 1277 magis,
390 1214 417 1259 et
430 1222 514 1258 venas
524 1205 664 1274 adstringit
676 1204 784 1276 hiantis,

127 1277 170 1330 Ne
183 1285 278 1330 tenues
289 1276 405 1347 pluviae,
417 1274 537 1345 rapidive
583 1275 666 1328 tentia
678 1274 740 1327 solis

129 1347 229 1416 Acrior,
242 1354 289 1400 aut
300 1345 400 1399 Boreae
412 1344 542 1415 penetrab
562 1362 577 1397 e
589 1343 620 1397 lr'
659 1343 785 1398 sadurat.

130 1415 249 1468 Multum
261 1415 337 1484 adeo,
350 1415 440 1467 rastris
451 1414 545 1482 glebas
558 1414 604 1484 qui
613 1361 711 1482 ¹igungit
723 1412 823 1482 inertis,

129 1481 319 1552 Vimineasque
332 1483 411 1536 trahit
422 1496 517 1549 crates,
530 1483 605 1552 juvat
619 1500 684 1536 arva
691 1499 699 1552 5
718 1498 807 1552 neque
819 1480 898 1537 illum
945 1487 977 1537 95

132 1550 216 1604 Flava
229 1552 310 1604 Ceres
321 1551 375 1604 alto
387 1551 568 1621 nequidquam
582 1560 686 1623 spectat
697 1551 812 1622 Olympo
819 1567 828 1621 5

131 1621 166 1674 Et
177 1624 231 1691 qui,
244 1620 374 1700 proscisso
385 1637 456 1689 quae
469 1621 579 1675 suscitat
590 1638 707 1691 aequore
720 1629 802 1692 terga,

132 1690 232 1743 Rursus
243 1708 270 1743 ιιι
282 1689 421 1758 obliquum
433 1707 508 1742 verso
521 1692 667 1761 perrumpit
679 1698 772 1759 aratro,

132 1759 245 1812 Exercet
266 1775 301 1812 ue
313 1758 440 1838 frequens
453 1759 585 1829 tellurem,
598 1769 679 1830 atque
691 1760 806 1829 imperat
816 1760 897 1815 arvis.

164 1777 283 1882 Humida
294 1828 405 1881 solstitia
416 1836 497 1898 atque
509 1826 615 1882 hiemes
626 1838 699 1882 orate
711 1844 828 1900 serenas,
932 1835 979 1884 too

131 1897 270 1965 Agricolae
277 1914 286 1967 5
305 1897 415 1951 hiberno
427 1897 575 1951 laetissima
606 1897 696 1952 ulvere
709 1897 786 1968 sarra,

130 1966 230 2020 Laetus
241 1984 306 2036 ager
313 1984 321 2037 5
340 1967 411 2021 nullo
423 1976 527 2021 tantum
540 1984 569 2020 se
615 1967 673 2038 ysia
684 1967 758 2021 cultu

130 2037 226 2107 Jectat,
240 2046 266 2091 et
279 2037 337 2107 ipsa
348 2054 411 2090 suas
422 2037 553 2091 mirantur
564 2038 681 2105 Gargara
691 2035 796 2090 messis.

165 2107 236 2166 Quid
249 2107 347 2178 dicam,
358 2106 430 2177 jacto
442 2108 488 2177 qui
501 2107 606 2160 semine
618 2106 768 2159 cornminus
778 2121 843 2158 arva

129 2176 288 2246 Insequitur,
298 2177 474 2245 cumulosque
486 2176 538 2229 ruit
550 2176 622 2229 male
634 2176 739 2245 pinguis
750 2191 856 2246 arenae,
932 2182 978 2230 105

130 2245 235 2298 Deinde
248 2245 313 2298 satis
324 2246 439 2299 fluvium
451 2245 552 2297 inducit
565 2245 689 2314 rivosque
702 2244 847 2314 sequentis,

130 2315 173 2383 Et,
186 2330 271 2382 quum
283 2322 394 2367 exustus
405 2329 469 2381 ager
480 2313 654 2367 morientibus
665 2320 770 2369 aestuat
780 2312 880 2387 herbis,

130 2383 203 2436 Ecce
216 2400 246 2436 su
285 2382 357 2435 rcilio
369 2381 463 2436 clivosi
480 2382 593 2436 tramitis
605 2383 706 2437 undam

129 2451 229 2505 Elicitl
259 2451 296 2504 lla
307 2452 409 2505 cadens
420 2468 531 2505 raucum
544 2469 591 2521 per
603 2452 674 2505 levia
685 2469 807 2507 murmur

129 2521 200 2574 Saxa
211 2520 273 2591 ciet,
287 2520 416 2574 scatebris
436 2537 470 2573 ue
482 2521 584 2574 arentia
596 2531 730 2591 temperat
740 2539 813 2576 arva.
932 2527 979 2579 110

130 2589 208 2658 Quid,
222 2590 276 2659 qui,
289 2606 324 2642 ne
335 2537 452 2658 graviriis
463 2590 621 2659 procumbat
632 2591 739 2645 culmus
750 2591 846 2663 aristis,

128 2659 274 2712 Luxuriem
286 2668 409 2727 segetum
421 2667 513 2712 tenera
524 2659 644 2728 depascit
656 2659 683 2714 in
695 2661 787 2731 herba,

129 2729 219 2788 Quum
231 2727 347 2797 primum
360 2728 448 2782 sulcos
459 2746 491 2782 ae
513 2737 576 2782 nant
588 2731 667 2782 satal
684 2731 784 2800 quique
796 2729 905 2802 paludis

128 2798 276 2851 Collectum
288 2797 428 2852 humorem
440 2797 486 2854 bib
515 2816 532 2851 a
543 2797 652 2852 deducit
665 2800 765 2853 arenal

129 2868 291 2921 Praesertim
302 2868 411 2922 incertis
423 2868 445 2922 si
457 2868 597 2922 mensibus
608 2869 697 2922 amnis
708 2868 849 2923 abundans
933 2873 979 2925 11⁶

129 2936 198 3004 Erit,
212 2944 239 2988 et
251 2935 366 2990 obducto
378 2937 432 2991 late
446 2946 518 2991 tenet
530 2939 620 2991 omnia
631 2939 711 2992 limo:

127 3005 206 3058 Unde
219 3021 302 3058 cavae
315 3006 403 3077 tepido
416 3006 513 3060 sudant
525 3007 637 3061 humore
649 3008 771 3061 lacunae.

163 3074 223 3197 Nebc
235 3075 430 3129 tamen—haec
442 3092 507 3129 cum
522 3077 573 3130 sint
586 3077 782 3146 hominumque
793 3074 933 3147 boumque
944 3077 980 3132 la·

217 3159 277 3195 ores

89 3297 203 3344 tls-159.
220 3293 248 3343 In
260 3293 403 3342 connection
414 3293 475 3341 with
487 3295 528 3342 the
544 3294 640 3343 trouble
652 3309 784 3354 necessary
794 3302 820 3342 to
848 3306 927 3345 rotect
939 3297 978 3347 tlte

59 3353 106 3404 soil
116 3354 178 3404 from
189 3354 352 3404 mischievcus
360 3353 461 3402 animala
469 3354 515 3402 arrd
526 3352 789 3421 planis,hand·labour
797 3310 846 3401 and
855 3355 978 3406 invention

58 3427 99 3464 ars
110 3412 198 3465 shown
208 3424 234 3464 to
243 3413 304 3464 arise
313 3412 375 3465 from
384 3412 399 3463 J
401 3413 503 3474 upiter'e
513 3426 654 3460 aner-esurus
663 3419 688 3460 to
696 3411 737 3460 the
746 3411 832 3461 throne
842 3412 871 3463 ol
877 3414 977 3465 heaven
