2086 3622
431 166 525 206 arbua
543 166 572 206 Χ.

112 293 231 363 Respicit
243 293 350 361 ignarus
362 309 450 347 rerum
461 295 633 364 ingratusque
646 293 746 364 salutis,

114 365 148 416 Et
160 364 274 443 duplicis
285 379 348 416 curn
359 380 426 416 voce
438 381 535 417 manus
546 365 581 418 ad
594 363 682 416 sidera
695 363 794 416 tendit:

115 434 304 502 ‘Ommpotens
316 433 426 501 genitor,
440 435 542 487 tautou'
555 450 600 487 me
613 433 723 486 crimine
736 432 848 502 dignum

113 503 226 570 Duxisti,
241 511 267 555 et
281 503 340 555 talis
353 503 458 556 voluisti
471 504 624 572 expendere
637 503 757 570 poenasl

113 572 286 693 Quodferoq5
316 573 387 625 unde
416 572 491 624 abiit
521 589 589 642 quae
619 590 664 624 me
687 572 759 642 fuga,
784 588 901 641 quemve
925 589 965 626 re-

203 641 274 694 ucit.
912 647 965 696 670

113 711 288 763 Laurentisne
301 709 398 763 iterum
411 727 501 762 muros
513 718 560 763 aut
572 718 659 763 castra
672 710 792 764 videboi

114 779 184 837 Quid
196 796 294 832 manus
305 779 350 831 illa
362 780 456 846 virum,
470 780 515 848 qui
527 797 573 832 me
584 797 701 849 meaque
713 797 789 832 arma
800 780 908 835 secuti'!

113 847 457 906 Quosne—nefas—omnis
468 848 578 901 infanda
590 849 618 901 in
630 857 715 902 morte
728 850 831 920 reliqui,

115 919 149 970 Et
161 934 233 970 nunc
245 917 360 986 palantis
371 918 459 988 video,
472 919 660 986 gemitumque
672 918 818 972 cadentum

114 987 246 1054 Accipio?
282 986 353 1044 Quid
377 989 447 1056 agol
473 999 520 1040 aut
543 1004 613 1057 quae
637 989 693 1058 jam
717 989 782 1040 satis
806 988 862 1041 ima
884 988 930 1042 de-

183 1055 269 1109 hiscat
914 1061 965 1111 675

113 1125 196 1176 Terra
209 1125 296 1177 mihil
332 1126 386 1177 Vos
398 1142 413 1176 o
425 1127 513 1194 potius
525 1127 699 1196 miserescite,
713 1127 803 1195 venti,

114 1195 144 1246 ln
157 1211 243 1263 rupee,
258 1196 285 1246 in
298 1195 493 1247 saxa—volens
504 1212 553 1247 vos
565 1196 671 1247 Turnus
683 1195 799 1247 adoro-

114 1263 193 1315 Ferte
207 1271 299 1330 ratem,
314 1265 454 1331 saevisque
466 1264 543 1316 vadis
555 1264 692 1316 immittite
705 1264 796 1332 Syrtis,

114 1332 173 1389 Quo
186 1349 273 1400 neque
286 1349 331 1384 me
343 1333 442 1401 Rutuli,
456 1349 507 1385 nec
519 1333 626 1385 conscia
637 1333 711 1385 sama
726 1334 871 1400 sequatur.³

113 1401 188 1453 Haec
200 1418 352 1454 memorans
363 1404 452 1454 animo
464 1419 536 1454 nunc
545 1403 606 1469 huc,
616 1419 687 1455 nunc
696 1403 808 1454 fluctuat
819 1402 901 1473 illuc;
914 1406 965 1455 680

114 1473 156 1523 An
169 1488 228 1523 sese
240 1486 368 1523 mucrone
380 1471 414 1523 ob
428 1480 532 1523 tantum
543 1471 663 1523 dedecus
674 1488 769 1524 amens

113 1540 218 1607 Induat,
232 1548 259 1592 et
272 1539 385 1593 crudum
397 1557 445 1609 per
457 1550 545 1593 costas
556 1540 645 1609 exigat
657 1557 768 1610 ensem;

114 1609 254 1663 Fluctibus
264 1627 300 1662 an
311 1610 392 1679 jaciat
404 1610 509 1679 mediis,
523 1619 550 1663 et
563 1610 640 1662 litora
651 1610 739 1663 nando

114 1680 200 1731 Curva
212 1688 293 1749 petat,
307 1681 496 1748 Teucrumque
507 1680 605 1732 iterum
618 1697 647 1732 se
660 1679 753 1733 reddat
766 1678 792 1731 in
804 1695 888 1733 arma.

114 1749 167 1801 Ter
179 1757 291 1802 conatus
303 1758 444 1818 utramque
456 1749 532 1802 viam
539 1766 547 1818 3
566 1759 606 1802 ter
617 1749 737 1802 maxima
749 1749 818 1802 Juno
912 1751 963 1800 686

114 1818 254 1886 Continuit,
267 1818 452 1887 juvenemque
464 1819 555 1871 animo
567 1819 693 1870 miserata
706 1817 839 1887 repressit.

113 1886 223 1940 Labitur
234 1887 289 1939 alta
300 1904 396 1940 secans
407 1887 545 1957 fluctuque
556 1895 687 1955 aestuque
699 1886 824 1956 secundo,

115 1956 149 2009 Et
161 1956 243 2025 patris
254 1955 392 2023 antiquam
405 1956 492 2008 Dauni
504 1955 621 2008 defertur
632 1955 667 2008 ad
679 1955 783 2008 urbem.

148 2028 184 2078 At
196 2024 271 2078 Jovis
283 2026 386 2077 interea
398 2025 507 2077 monitis
519 2025 673 2078 Mezentius
684 2023 783 2076 ardens

114 2093 239 2146 Succedit
252 2111 357 2161 pugnae
379 2094 548 2162 Teucrosque
561 2094 662 2146 invadit
675 2094 789 2146 ovantis.
912 2097 964 2146 690

114 2164 277 2215 Concurrunt
289 2133 444 2231 Tyrrhenae
456 2163 537 2232 acies,
550 2171 632 2231 atque
644 2162 770 2216 omnibus
781 2161 835 2232 uni,

112 2231 166 2285 Uni
178 2232 299 2300 odiisque
313 2232 368 2284 viro
381 2232 496 2300 telisque
509 2232 694 2301 frequentibus
705 2232 811 2284 instant.

112 2301 170 2370 Ille,
184 2301 258 2353 velut
271 2318 358 2370 rupes,
372 2311 478 2354 vastum
490 2318 559 2370 quae
573 2302 659 2370 prodit
671 2302 817 2371 insequor,

112 2370 198 2423 Obvia
210 2378 347 2423 ventcmm
360 2370 438 2423 furiis
450 2379 561 2440 exposta
580 2387 615 2423 ue
627 2380 714 2441 ponto,

112 2440 173 2492 Vim
187 2448 310 2493 cunctam
324 2448 406 2509 atque
417 2440 505 2494 minas
516 2388 615 2509 perlert
624 2440 746 2510 coelique
757 2439 900 2510 marisque,
913 2443 964 2493 695

112 2509 173 2577 Ipsa
186 2510 297 2562 immota
308 2527 422 2563 manens
429 2526 436 2578 5
455 2509 558 2579 prolem
571 2509 742 2564 Dolichaonis
754 2509 874 2563 Hebrum

113 2577 211 2631 Sternit
224 2579 307 2649 humi,
320 2595 384 2632 curn
396 2595 448 2648 quo
460 2580 593 2647 Latagum
605 2579 784 2649 Palmumque
796 2578 931 2648 fugacem,

112 2646 164 2699 Sed
177 2649 308 2715 Latagum
322 2665 386 2700 saxo
398 2657 479 2717 atque
491 2648 592 2717 ingenti
605 2649 736 2716 fragmine
748 2647 847 2701 montis

112 2717 232 2785 Occupat
243 2733 273 2767 os
286 2715 437 2784 faciemque
450 2716 601 2785 adversam,
614 2718 713 2785 poplite
725 2716 852 2769 Palmum

111 2784 220 2837 Succiso
234 2784 304 2837 volvi
315 2801 428 2852 segnem
440 2785 502 2838 sinit
510 2802 518 2853 3
536 2801 664 2852 armaque
677 2785 763 2837 Lauso
912 2786 963 2837 700

112 2855 199 2906 Donat
211 2853 310 2906 habere
323 2852 444 2906 humeris
455 2863 483 2906 et
494 2853 596 2905 vertice
608 2854 690 2921 figere
703 2853 806 2906 cristas.

71 2967 124 3010 668.
145 2961 257 3011 Tueton’.
290 2961 336 3008 See
349 2971 373 3008 at
385 2960 418 3008 iii.
429 2964 480 3008 319.
489 2964 578 3010 -671,
595 2959 736 3008 Laurentia.
769 2961 816 3009 See
827 2969 852 3009 at
863 2961 895 3010 vi.
908 2963 962 3010 893.

40 3026 130 3071 -672,
147 3021 241 3069 ddecus
263 3019 438 3068 faciet—673.
460 3020 564 3079 Quosne,
583 3035 613 3066 au
631 3035 786 3076 uncommon,
805 3019 898 3081 though
919 3028 962 3068 not

40 3080 235 3140 unprecedented
245 3096 289 3127 use
301 3079 328 3126 of
336 3078 377 3126 the
387 3079 487 3126 relative
499 3080 567 3138 gives
579 3078 621 3126 the
632 3078 714 3127 clause
726 3079 775 3128 this
786 3079 859 3127 force.
890 3079 913 3127 It
925 3079 961 3126 in·

40 3140 150 3188 tensisres
162 3139 203 3186 the
215 3139 269 3187 idea
280 3138 407 3186 contained
419 3139 442 3184 in
454 3139 495 3185 the
512 3138 634 3196 emphatic
645 3139 740 3196 portion
756 3138 784 3185 oi
796 3139 837 3186 the
849 3138 962 3196 previous

40 3211 166 3253 sentence,
180 3212 207 3245 so
219 3215 245 3245 us
256 3208 281 3244 to
293 3198 348 3258 give
365 3213 378 3244 a
389 3212 476 3244 reason
488 3197 524 3244 for
535 3197 604 3245 askin
638 3197 680 3244 the
692 3198 804 3257 question
817 3197 895 3244 which
908 3197 961 3245 thot

40 3268 156 3307 sentence
166 3257 282 3304 contains.
315 3256 380 3303 Here
393 3255 433 3302 the
450 3258 515 3304 mein
527 3256 580 3303 idea
591 3213 623 3303 ol
631 3257 758 3317 ugonising
774 3256 925 3324 inquirylies
936 3255 962 3304 iu

41 3317 83 3367 the
95 3317 175 3365 words
201 3318 228 3363 oi
237 3333 280 3371 me,
295 3315 343 3363 dec.
376 3315 434 3362 And
444 3331 534 3376 quosue
544 3316 587 3363 hes
599 3315 648 3364 this
659 3315 763 3364 soree-¹
773 3316 831 3363 And
842 3315 863 3363 is
874 3326 893 3362 rt
904 3331 960 3374 pos·

40 3375 104 3426 sible
121 3376 174 3424 that
185 3332 271 3423 lhave
287 3373 428 3422 abandoned
444 3379 507 3424 these
522 3376 704 3424 ment—683.
721 3374 810 3431 Jaciaa
828 3376 960 3425 see-7⁰1.

40 3433 233 3486 Doaothabere.
266 3433 313 3482 See
325 3443 349 3482 ut
361 3449 384 3481 v.
396 3436 449 3482 048.
