2086 3622
437 168 530 210 urana
551 169 592 210 ru.
933 151 974 225 ⁹⁸.

160 296 266 350 Interea
277 295 415 366 Dryadum
428 295 511 349 silvas
522 295 659 365 saltusque
672 310 817 365 sequamur
938 297 973 350 tu

127 366 251 437 Intactos,
263 374 316 433 tua,
330 367 483 435 Maecenas,
496 365 567 418 haud
580 364 671 418 mollia
682 363 764 434 jussa.

125 435 166 487 Te
179 437 236 488 sine
247 435 286 489 nil
297 435 381 488 altum
394 451 472 487 mens
484 434 599 487 inchoat.
636 434 677 487 En
689 450 747 501 age,
758 434 850 502 segnis

125 504 230 574 Rumpe
244 521 346 573 moras3
363 514 440 556 vocat
454 503 553 571 ingenti
565 503 682 556 clamore
694 502 842 572 Cithaeron,

124 573 293 642 Taygetique
305 591 393 641 canes,
406 573 583 641 domitrixque
596 571 747 641 Epidaurus
758 588 895 644 equorum,

125 642 160 695 Et
172 659 224 695 vox
234 660 346 697 assensu
357 657 496 695 nemorum
509 641 671 709 ingeminata
683 641 806 710 remugit.
939 646 973 696 45

124 712 191 765 Mox
203 720 293 764 tamen
304 711 422 764 ardentis
432 711 555 779 accingar
566 710 656 764 dicere
668 726 772 779 pugnas

125 781 254 850 Caesaris,
268 789 295 833 et
307 798 405 834 nomen
416 780 491 832 sama
501 787 539 832 tot
551 779 619 832 ferre
631 796 679 848 per
689 795 780 849 annos,

125 849 232 902 Tithoni
244 851 329 918 prima
341 858 405 919 quot
416 849 493 902 abest
504 849 539 902 ab
551 848 651 918 origine
664 849 769 902 Caesar.

159 918 212 970 Seu
224 919 292 988 quis,
305 918 478 988 Olympiacae
489 918 601 970 miratus
612 918 733 986 praemia
744 918 860 989 palmae,

41 989 44 992 ⁴
125 987 214 1039 Pascit
227 1005 316 1056 equos,
330 1005 378 1040 seu
390 988 451 1056 quis
462 987 535 1040 fortis
546 986 580 1039 ad
593 996 680 1042 aratra
689 985 825 1056 juvencos,

124 1056 238 1125 Corpora
250 1058 393 1126 praecipue
405 1066 521 1110 matrum
533 1057 612 1125 legat.
649 1057 756 1124 Optima
768 1065 857 1110 torvae

125 1125 222 1177 Forma
233 1125 316 1195 bovis,
329 1127 372 1178 cui
385 1136 460 1195 turpe
472 1134 560 1196 caput,
575 1126 618 1178 cui
631 1124 745 1195 plurima
757 1126 855 1196 cervix,

125 1195 160 1248 Et
172 1211 279 1246 crurum
292 1203 370 1247 tenus
380 1212 398 1247 a
409 1203 499 1247 mento
510 1195 627 1264 palearia
638 1193 755 1263 pendent
762 1211 770 1262 3

124 1265 196 1315 Tum
208 1263 284 1330 longo
297 1263 384 1315 nullus
396 1263 471 1316 lateri
483 1264 579 1315 modus
586 1280 593 1330 3
612 1263 701 1315 omnia
712 1280 819 1331 magna,

126 1333 177 1384 Pes
190 1333 280 1400 etiarn,
294 1339 321 1384 et
333 1333 449 1384 camuris
461 1331 546 1384 hirtae
559 1331 609 1384 sub
621 1331 745 1385 cornibus
757 1348 844 1384 aures.
939 1336 972 1386 55

125 1399 184 1453 Nec
196 1401 264 1452 mihi
277 1400 417 1470 displiceat
429 1401 543 1453 maculis
554 1400 665 1468 insignis
677 1410 703 1453 et
716 1400 792 1469 albo3

125 1474 179 1523 Aut
190 1469 255 1538 juga
266 1470 424 1540 detractans,
438 1470 625 1538 interdumque
637 1487 668 1523 as
687 1485 732 1522 era
744 1486 834 1541 comu,

125 1539 159 1591 Et
172 1539 271 1592 saniem
284 1547 358 1592 tauro
370 1540 480 1609 propior,
494 1555 617 1609 quaeque
629 1487 713 1592 arrhis
723 1547 786 1610 tota,

126 1608 160 1660 Et
172 1608 296 1675 gradiens
308 1609 364 1661 ima
376 1610 456 1662 verrit
469 1607 580 1676 vestigia
592 1608 686 1661 cauda.

125 1679 209 1729 Aetas
222 1678 350 1731 Lucinam
360 1677 499 1747 justosque
511 1677 566 1747 pati
578 1676 743 1747 hymenaeos

127 1745 231 1799 Desinit
242 1757 305 1800 ante
317 1747 423 1814 decem,
435 1756 494 1816 post
506 1755 618 1816 quatuor
630 1747 724 1816 incipit
736 1763 819 1800 annos
825 1762 834 1816 3

126 1816 222 1867 Cetera
234 1833 285 1869 nec
298 1816 401 1869 feturae
413 1815 518 1885 habilis,
531 1834 582 1870 nec
593 1815 668 1869 sortis
679 1817 781 1868 aratris.

126 1884 238 1954 Interea,
253 1895 359 1955 superat
370 1886 498 1954 gregibus
509 1885 574 1939 dum
588 1886 657 1938 laeta
668 1885 799 1955 juventas,

126 1952 203 2006 Solve
216 1971 305 2006 mares
312 1971 320 2024 3
338 1956 414 2006 mitte
427 1956 454 2006 in
466 1955 598 2007 Venerem
611 1954 736 2024 pecuaria
748 1955 857 2023 primus,

126 2025 215 2090 Atque
227 2023 309 2075 aliam
321 2040 354 2076 ex
366 2024 420 2074 alia
431 2025 581 2090 generando
594 2024 689 2075 suffice
701 2023 811 2090 prolem.

126 2093 234 2160 Optima
245 2108 368 2160 quaeque
381 2092 439 2144 dies
450 2092 555 2144 miseris
567 2092 723 2144 mortalibus
734 2091 794 2143 aevi

127 2161 217 2212 Prima
229 2160 312 2228 sugit,
331 2160 446 2213 subeunt
458 2160 542 2212 morbi
555 2161 687 2229 tristisque
701 2167 826 2212 senectus
833 2175 841 2227 3

127 2230 161 2282 Et
174 2229 248 2282 labor
260 2238 286 2281 et
298 2229 380 2281 durae
393 2231 460 2298 rapit
473 2229 643 2282 inclementia
656 2229 755 2282 mortis.

127 2299 238 2367 Semper
250 2308 333 2366 erunt,
346 2316 457 2367 quarum
473 2302 567 2351 mutari
579 2316 686 2367 corpora
698 2299 791 2351 malis:

127 2367 238 2436 Semper
250 2368 321 2420 enirn
336 2369 415 2420 refice
423 2385 431 2436 3
449 2385 489 2432 ac,
503 2385 536 2420 ne
549 2378 609 2437 post
621 2369 719 2420 amissa
732 2367 857 2437 requiras,
941 2369 975 2419 70

127 2437 267 2506 Anteveni,
282 2447 308 2488 et
321 2437 441 2490 subolem
454 2448 574 2489 armento
588 2438 678 2489 sortire
691 2437 840 2505 quotannis.

162 2507 221 2558 Nec
234 2523 284 2558 nou
297 2515 323 2558 et
335 2507 424 2575 pecori
436 2516 476 2559 est
489 2507 561 2559 idem
574 2507 694 2558 delectus
706 2507 813 2575 equino.

127 2574 169 2626 Tu
182 2576 268 2643 modo,
282 2592 348 2644 quos
360 2576 387 2627 in
399 2593 412 2627 s
449 2593 478 2628 m
489 2584 591 2628 statues
604 2575 762 2628 submittere
774 2575 870 2644 gentis,

127 2643 303 2713 Praecipuum
314 2643 371 2713 jam
382 2644 409 2696 iu
429 2663 444 2697 e
456 2662 473 2697 a
485 2646 584 2698 teneris
595 2643 721 2715 impende
734 2643 863 2698 laborem.

129 2712 256 2765 Continuo
269 2713 373 2782 pecoris
384 2714 505 2782 generosi
516 2714 606 2782 pullus
617 2716 644 2766 in
655 2713 727 2765 arvis

128 2781 216 2834 Altius
227 2782 378 2852 ingreditur,
393 2791 420 2834 et
431 2783 523 2834 mollia
535 2799 611 2835 crura
624 2784 724 2850 reponit

129 2850 234 2903 Primus
246 2861 273 2903 et
286 2853 323 2903 ire
335 2852 416 2919 viam,
429 2859 456 2903 et
468 2851 562 2903 fluvios
574 2858 676 2903 tentare
689 2850 810 2903 minaces

128 2919 226 2990 Audet,
240 2929 267 2972 et
279 2921 366 2972 ionoto
379 2936 439 2972 sese
452 2921 620 2972 committere
633 2919 705 2987 ponti
713 2935 721 2987 3

128 2989 154 3042 N
156 3006 188 3041 ec
199 3005 282 3041 vanos
312 2997 380 3040 orret
392 2991 525 3057 strepitus.
562 2989 603 3041 Illi
615 2988 698 3042 ardua
710 2988 807 3058 cervix,

128 3061 315 3127 Argutumque
327 3069 415 3125 caput,
429 3057 518 3111 brevis
529 3059 613 3127 alvus,
626 3058 761 3127 obesaque
775 3067 864 3127 terga3
942 3062 977 3112 80

129 3127 310 3196 Luxuriatque
323 3128 385 3179 toris
396 3128 547 3181 animosum
559 3137 662 3197 pectus.
698 3128 809 3181 Honesti

87 3284 172 3331 tu-te.
189 3281 238 3350 But
249 3281 310 3338 first,
323 3281 354 3329 he
364 3281 463 3329 informs
472 3280 604 3330 Maecenas
614 3282 667 3330 that
678 3282 708 3329 he
720 3281 771 3349 will
781 3281 844 3338 deal,
855 3291 879 3329 at
890 3280 928 3330 his
939 3297 976 3330 re·

57 3340 224 3452 §matrab
242 3340 307 3390 rural
325 3341 577 3390 themes-49-156.
594 3341 650 3389 The
668 3339 785 3401 breedmg
803 3340 832 3389 os
847 3355 912 3391 oxon
929 3341 976 3393 aut
