2078 3622
61 164 123 218 tos

66 3087 136 3094 ·—...-

68 3172 121 3217 772.

445 168 603 209 sausttros.

132 296 193 353 Qua
205 295 301 348 vulnus
313 294 392 349 letale
405 295 472 347 serat
479 313 487 363 ξ
505 304 596 349 contra
608 295 653 348 ille
667 314 819 365 repugnans

133 366 250 418 Sustinet
261 383 278 417 a
289 364 381 434 jugulo
393 365 523 434 dextram,
537 374 563 417 et
577 366 631 418 vim
644 366 744 420 viribus
756 368 821 420 exit.
935 370 987 421 75(

134 435 223 503 thue
236 435 329 487 volans
340 434 394 486 alte
406 444 511 502 raptum
524 452 587 486 cnm
602 434 676 486 l'ulra
688 436 833 489 draconem

134 505 195 557 Fert
208 504 305 574 aquila,
320 503 505 573 implicuitque
518 503 610 573 pedes,
622 514 705 572 atque
718 506 852 573 unguibus
864 505 969 559 baesit;

134 575 245 626 Saucius
256 582 282 625 at
295 590 406 641 serpens
418 574 525 625 sinuosa
536 573 673 625 volumina
685 583 781 643 versat,

133 644 305 711 Arrectisque
319 642 407 695 horret
420 644 540 709 squamis
552 651 579 695 et
592 643 683 695 sibilat
694 660 747 711 ore,

133 711 240 764 Arduus
253 712 407 779 insurgens,
425 712 470 764 illa
481 711 553 765 haud
566 712 655 764 minus
666 721 760 779 urguet
772 712 876 765 obunco
935 716 987 766 755

134 782 293 833 Luctantem
306 790 403 847 rostro;
421 781 501 834 simul
513 781 625 833 aethera
637 781 758 833 verberat
769 782 835 833 alis:

135 849 212 902 Haud
224 849 301 901 aliter
312 850 440 919 praedam
453 852 476 902 Τ
479 851 595 903 iburtnm
608 868 643 903 ex
654 852 761 917 agmine
773 850 896 903 Tarchon

134 920 222 971 Portat
234 935 325 971 ovans.
362 921 446 972 Ducis
458 921 614 989 exemplum
625 929 808 989 eventumque
821 922 909 973 secuti

135 987 297 1040 Maeonidae
310 989 454 1041 incurrunt.
490 990 561 1041 Tum
574 989 636 1041 latis
649 989 757 1042 debitus
769 993 872 1043 Arruns

135 1057 263 1109 Velocem
275 1057 364 1126 jaculo
376 1067 403 1109 et
415 1057 502 1110 multa
514 1060 581 1127 prior
593 1068 650 1109 arte
663 1059 805 1111 Camillam
937 1062 987 1112 760

135 1127 242 1195 Circuit,
256 1138 291 1196 et,
304 1144 375 1196 quae
388 1129 421 1179 sit
434 1127 538 1179 fortuna
552 1128 688 1189 facillima,
703 1137 794 1180 tentat.

135 1196 195 1253 Qna
207 1212 237 1247 se
249 1213 366 1266 cumque
379 1196 470 1249 furens
480 1198 570 1249 medio
584 1197 642 1249 tulit
655 1197 764 1263 agmine
777 1198 860 1267 virgo,

136 1266 194 1317 Hac
206 1268 307 1319 Arruns
319 1266 398 1335 subit,
412 1274 440 1318 et
451 1268 549 1319 tacitns
561 1267 675 1334 vestigia
686 1267 796 1335 lustrat,

136 1335 195 1392 Qua
208 1337 303 1389 victrix
316 1337 383 1388 redit
396 1336 441 1388 illa
452 1336 604 1404 pedemque
617 1354 651 1388 ex
663 1336 738 1388 hoste
753 1344 874 1406 reportat,

137 1405 194 1457 llae
205 1404 311 1474 juvenis
322 1405 416 1459 furtim
427 1406 525 1458 oraleris
536 1408 676 1474 detorquet
689 1407 818 1459 habenas.
937 1410 987 1459 76⁵

137 1474 192 1525 Hos
205 1474 301 1539 aditus,
313 1475 424 1543 jamque
439 1474 486 1527 bos
497 1476 594 1543 aditus,
607 1492 770 1544 omnemque
785 1484 901 1545 pererrat

137 1543 262 1612 Undique
275 1544 424 1611 circuitum,
438 1554 464 1594 et
477 1554 578 1597 certam
591 1545 677 1611 quatit
691 1545 826 1613 improbus
838 1544 952 1597 hastam.

137 1612 215 1664 Forte
228 1630 303 1664 sacer
315 1613 434 1681 Cybelae
446 1614 574 1665 Chloreus
585 1614 701 1681 olimque
714 1616 840 1667 sacerdos

137 1683 250 1749 Insignis
262 1682 340 1749 longe
354 1683 476 1749 Phrygiis
488 1682 608 1749 fulgebat
622 1683 647 1734 in
660 1684 748 1751 armis,

137 1751 366 1819 Spumantemque
378 1751 496 1817 agitabat
508 1768 616 1819 equum,
630 1768 712 1821 quem
724 1752 806 1821 pellis
816 1752 895 1805 arinis
938 1756 988 1807 770

137 1821 166 1872 ln
180 1820 299 1888 plumam
314 1822 433 1889 squamis
444 1838 507 1872 atrro
519 1830 641 1873 conserta
652 1822 769 1889 tegebat.

138 1890 206 1957 lpse,
220 1891 360 1959 peregrina
372 1889 506 1958 ferrugine
518 1891 606 1943 clanis
617 1899 644 1943 et
656 1900 734 1961 ostro,

137 1959 244 2028 Spicula
256 1961 397 2029 torquebat
409 1962 490 2029 Lycio
503 1961 630 2030 Gortynia
642 1978 738 2029 cornu,

137 2033 290 2082 Aurenses
303 2030 414 2083 humero
426 2038 501 2082 sonat
513 2046 598 2097 arcus,
612 2041 639 2082 et
651 2047 732 2084 aurea
746 2031 800 2082 vati

138 2099 264 2166 Cassirla3
278 2108 336 2151 tum
348 2116 469 2152 croceam
482 2100 710 2169 chlamydemque
722 2100 850 2169 sinusque
862 2116 919 2153 cre·

208 2169 295 2237 pantis
937 2172 989 2221 775

138 2238 284 2290 Carbaseos
296 2238 369 2290 fulvo
382 2237 408 2290 in
422 2237 521 2292 nodum
533 2238 678 2305 collegerat
689 2254 762 2307 auro,

138 2307 229 2359 Pictus
240 2324 290 2359 acu
305 2308 408 2359 tunicas
420 2317 447 2359 et
460 2307 572 2360 barbara
584 2310 702 2375 tegmina
713 2324 831 2381 crurum.

140 2376 217 2427 llnnc
230 2378 311 2443 virgo,
326 2376 383 2427 sive
396 2386 424 2429 nt
436 2377 545 2445 templis
557 2378 715 2446 praefigeret
726 2394 803 2431 arma

138 2446 225 2512 Troia,
239 2446 345 2513 captivo
359 2446 415 2497 sive
427 2456 456 2498 ut
468 2462 498 2498 se
511 2447 590 2498 ferret
603 2447 629 2498 in
641 2464 712 2514 auro,

138 2513 265 2566 Venatrix
277 2531 359 2565 unum
373 2531 408 2566 ex
418 2515 490 2566 omni
503 2516 650 2567 certamine
663 2532 769 2583 pugnae
935 2518 988 2567 780

138 2584 226 2635 Caeca
239 2582 408 2651 sequebatur,
422 2592 560 2652 totumque
573 2584 679 2637 incauta
691 2601 738 2652 per
750 2601 850 2652 agmen

138 2652 266 2704 Femineo
279 2652 394 2721 praedae
407 2661 434 2704 et
446 2652 592 2720 spoliorum
605 2654 716 2706 ardebat
729 2670 837 2707 amore:

137 2723 237 2774 'l'elum
249 2740 283 2774 ex
296 2721 399 2775 insidiis
410 2739 472 2774 cum
485 2722 594 2774 tandem
608 2730 728 2792 tempore
739 2733 818 2792 capto

137 2792 265 2860 Conoirat,
280 2801 306 2844 et
319 2809 429 2861 superos
441 2794 542 2844 Arruns
555 2791 594 2844 sie
606 2809 671 2844 voce
684 2800 821 2861 precatur:

139 2862 265 2913 ‘Summe
278 2861 369 2927 deum,
383 2861 469 2913 sancti
482 2871 571 2913 custos
583 2861 698 2913 Soractis
709 2861 812 2930 Apollo,
937 2864 989 2915 78⁶

137 2931 226 2988 Quem
238 2931 316 2999 primi
329 2932 450 2999 colimus,
464 2930 508 2983 cui
522 2931 618 2999 pineus
629 2930 706 2983 ardor
717 2946 815 2983 acervo

138 2999 265 3065 Pascitur,
278 3008 305 3050 et
318 3000 439 3052 medium
451 2999 511 3051 freti
524 3000 624 3069 pietate
636 3016 684 3069 per
696 3000 785 3067 ignem

68 3108 322 3157 orrentia-759.
339 3084 990 3170 urm

139 3167 389 3273 Fermpqiaeetostro.
419 3168 503 3229 Georg.
516 3168 541 3215 ii.
552 3170 703 3217 tea-773.
720 3166 802 3229 Lycio.
825 3166 927 3218 Seovll.
935 3169 989 3217 816.

70 3227 199 3287 (lortynim
227 3228 313 3282 ‘retum
327 3227 388 3274 srom
400 3244 413 3273 a
424 3238 490 3275 town
506 3226 587 3275 lamed
603 3226 687 3274 forits
703 3228 773 3273 bows
788 3226 835 3275 and
851 3234 991 3276 timeus.-

68 3290 121 3335 785.
139 3285 253 3333 Soractis.
286 3287 333 3333 See
345 3302 367 3344 p.
380 3290 433 3340 292,
447 3286 494 3333 line
505 3288 543 3333 38.
574 3284 605 3332 In
615 3285 709 3333 honour
719 3284 748 3333 ol
754 3284 857 3344 Apollo,
869 3284 978 3347 worship
990 3313 994 3319 ·

68 3345 115 3459 pppl
122 3344 257 3449 prppldlount
271 3346 380 3402 Soracte,
393 3345 432 3393 ltis
443 3344 605 3403 worshippcrs
616 3343 713 3393 wolked
725 3342 869 3405 uvernerus
879 3344 989 3395 album·
