2086 3622
450 174 607 213 AENElDOS‚

75 309 83 328 ’
136 301 228 353 Castra
240 301 347 353 inimica
359 300 452 370 vides,
470 302 543 354 nulla
555 301 617 353 ltine
629 302 702 355 exire
714 308 860 373 potestas!

134 370 185 421 Olli
200 370 341 423 subridens
354 371 445 422 sedato
458 380 565 439 pectore
577 373 695 424 Turnus:
952 386 1006 436 740

137 439 250 507 ‘lncipe,
265 441 286 492 si
300 458 353 507 qua
365 442 454 491 auimo
467 442 556 509 virtus,
571 450 597 491 et
610 458 720 492 consere
732 441 865 498 dextram

134 508 184 560 Hic
196 509 280 561 etiam
293 510 430 561 inventum
443 510 548 561 Priamo
561 510 680 563 narrabis
692 510 842 565 Achillen.²

137 580 252 630 Dixerat.
289 579 336 629 lile
352 578 445 630 rudem
458 580 533 630 nodis
545 588 571 630 ct
584 580 681 631 cortice
693 580 776 632 crudo

134 648 269 714 intorquet
282 648 396 699 summis
408 648 521 701 adnixus
533 649 634 700 viribus
646 649 752 701 hastam
760 665 768 719 ς

135 717 273 785 Excepere
285 734 365 768 aurae
375 735 382 785 5
400 718 498 769 vulnus
511 718 630 769 Saturnia
642 720 711 770 Juno

134 785 249 837 Detorsit
262 787 379 854 veniens
393 796 537 855 portaeque
550 787 666 853 infigitur
678 787 763 840 hasta.

136 857 184 907 ‘At
197 872 248 907 non
262 854 312 906 hoc
324 855 416 923 telum,
430 873 493 906 mea
505 857 575 923 quod
585 858 611 907 vi
624 856 734 908 dextera
746 867 848 929 versat,

135 924 273 991 Effugies3
292 942 380 992 neque
393 926 467 976 enim
479 925 501 975 is
515 925 560 976 teli
573 942 624 977 nec
636 925 753 978 vulneris
767 930 885 981 auctor!

134 994 177 1045 Sic
190 996 234 1061 ait,
248 1003 275 1044 et
288 994 422 1046 sublatum
435 992 489 1045 alte
502 996 635 1061 consurgit
647 995 673 1046 in
685 1012 788 1064 ensem,

135 1065 169 1116 Et
181 1062 300 1116 mediam
313 1062 380 1113 ferro
393 1064 502 1129 gemina
516 1064 583 1115 inter
595 1073 715 1132 tempora
726 1063 847 1120 frontem
944 1074 997 1124 750

134 1133 235 1185 Dividit
248 1132 418 1201 impubisque
431 1133 542 1184 immani
555 1133 664 1185 vulnere
678 1133 773 1185 malas.

134 1202 178 1254 Fit
190 1218 270 1255 sonus
277 1218 284 1269 ;
304 1202 403 1269 ingenti
415 1218 544 1254 concussa
556 1214 597 1254 est
610 1204 726 1271 pondere
739 1202 822 1256 tellus
829 1220 838 1273 3

134 1272 269 1340 Collapsos
281 1280 353 1323 artus
364 1286 444 1339 arque
457 1288 531 1323 arma
543 1281 653 1324 cruenta
665 1272 774 1324 cerebro

134 1342 229 1393 Sternit
243 1341 317 1393 humi
331 1340 453 1410 moriens,
466 1350 546 1408 atque
561 1341 597 1393 illi
611 1341 731 1410 partibus
742 1342 841 1411 aequis

133 1410 192 1461 Huc
205 1418 285 1478 capnt
297 1419 377 1478 atque
391 1409 453 1461 illuc
465 1410 575 1462 humero
588 1429 623 1464 en
634 1422 745 1478 utroque
758 1412 902 1481 pependit.
942 1422 994 1471 755

133 1479 282 1546 Ditl'ugiunt
295 1480 363 1531 versi
376 1480 480 1548 trepida
492 1480 633 1533 formidine
646 1482 728 1533 Troes
736 1495 743 1547 3

134 1548 176 1615 tn,
190 1551 212 1600 si
226 1549 349 1600 continuo
362 1550 489 1601 victorem
504 1567 537 1601 ea
549 1566 613 1602 cura
625 1551 749 1617 subisset,

133 1620 267 1684 Rumpere
280 1618 393 1668 claustra
405 1634 487 1670 manu
500 1620 638 1687 sociosque
653 1620 798 1671 immittere
809 1622 908 1693 portis,

133 1685 251 1739 Ultimus
263 1686 308 1737 illc
321 1686 379 1737 dies
391 1686 461 1739 bello
473 1688 599 1756 gentique
613 1688 715 1741 luisset.

133 1755 183 1808 Sed
198 1754 267 1806 lnror
279 1755 416 1807 ardentem
430 1757 574 1827 caedisque
587 1760 680 1810 insane
692 1756 791 1826 cupido
941 1768 994 1819 700

134 1826 195 1891 Egit
208 1825 233 1876 in
246 1825 379 1876 adversos,

133 1895 266 1964 Principio
279 1894 413 1947 Phalerim
426 1903 453 1947 et
466 1897 568 1947 succiso
581 1896 681 1965 poplite
693 1896 792 1966 Gygen

133 1966 255 2033 Excipit,
274 1963 336 2016 hinc
349 1973 437 2032 raptas
450 1964 614 2033 fugientibus
627 1966 722 2033 ingerit
733 1964 830 2021 hastas

133 2036 162 2087 ln
176 2044 296 2102 tergum,
315 2036 383 2087 Juno
396 2035 466 2086 vires
480 2036 653 2102 animumque
666 2034 808 2089 ministrat.

133 2105 215 2156 Addit
227 2105 325 2172 Halym
340 2104 465 2156 comitem
479 2114 506 2156 et
519 2105 623 2156 confuta
635 2104 744 2172 Phegea
755 2120 854 2173 parma
940 2114 993 2167 705

132 2175 240 2239 Ignaros
253 2174 351 2225 deinde
365 2174 390 2225 in
404 2173 486 2226 muris
500 2175 671 2241 Martemque
683 2176 780 2227 cientis

132 2242 349 2310 Alcandrumque
362 2242 524 2312 Haliumque
536 2245 729 2311 Noemonaque
741 2243 954 2319 Prytanimque.

133 2312 247 2378 Lyncea,
261 2313 416 2364 tendentem
430 2324 520 2365 contra
532 2314 671 2381 sociosque
683 2322 838 2385 vocantem,

133 2381 254 2432 Vibranti
266 2380 353 2447 gladio
366 2382 494 2435 connixus
506 2382 541 2435 ab
553 2399 654 2450 aggere
666 2381 762 2435 dexter

133 2449 251 2516 Occupat
259 2466 266 2515 3
285 2451 348 2501 huic
361 2467 412 2501 uno
424 2450 561 2521 dejectum
574 2451 725 2504 comminus
737 2452 792 2505 ictu
943 2462 995 2513 770

134 2518 200 2568 Cum
214 2517 292 2584 galea
307 2518 381 2585 longe
393 2518 475 2585 jacuit
487 2529 576 2588 caput.
613 2521 679 2572 lnrle
692 2520 812 2575 ferarum

132 2587 298 2638 vastatorem
313 2590 457 2656 Amycum,
471 2606 522 2657 quo
535 2607 587 2641 non
600 2589 701 2641 felicior
712 2589 781 2642 alter

132 2656 257 2721 Ungucre
271 2655 323 2709 telu
336 2674 418 2709 manu
430 2656 583 2727 ferrumque
596 2676 699 2711 armare
711 2675 819 2711 veneno
827 2676 837 2731 3

133 2728 166 2778 lit
180 2727 297 2795 Clytium
309 2727 449 2796 Aeoliden,
463 2740 489 2780 et
502 2730 621 2780 amioum
635 2728 752 2781 Crethea
762 2726 874 2803 Musis,
910 2760 923 2799 4

133 2797 246 2847 Crethea
259 2798 399 2849 Musarum
413 2798 547 2866 comitem,
561 2798 603 2849 oui
616 2796 734 2849 carmina
746 2814 859 2867 semper
944 2809 995 2861 770

133 2866 167 2916 Et
181 2865 299 2917 citharae
312 2868 392 2936 conli,
406 2884 584 2935 numerosque
598 2866 735 2919 intendere
748 2868 842 2923 nervis
850 2886 859 2939 3

133 2934 243 3002 Semper
256 2952 339 3002 equos
350 2946 431 3004 atquc
443 2954 518 2988 anna
530 2938 615 2989 virum
628 2952 786 3005 pugnasque
798 2940 934 2998 canebat.

167 3003 288 3055 'l'arnlcm
301 3005 431 3074 ductoresr,
444 3006 538 3059 audita
550 3005 633 3058 caede
647 3023 762 3075 suorum,

65 3113 202 3123 ——--—
205 3114 516 3125 --———.——-.

92 3165 144 3209 740.
167 3160 224 3209 Olli.
257 3162 303 3208 See
323 3173 346 3208 at
367 3162 382 3208 i.
399 3166 547 3213 250-710.
572 3164 618 3211 See
638 3180 668 3211 an
687 3164 833 3223 expression
851 3170 994 3223 somnum

64 3222 164 3276 emrilur,
178 3220 251 3267 noted
263 3232 284 3268 at
298 3221 321 3267 ii.
332 3224 422 3269 017.-
431 3226 482 3271 743.
499 3224 609 3271 Dixerat.
641 3224 688 3270 See
700 3234 724 3271 at
736 3224 760 3271 ii.
770 3226 825 3273 oet.
857 3226 995 3289 Iustu.

63 3281 243 3329 durus-748.
284 3279 843 3355 10ῑο1ἰο,ῑοοι1010011ἰο.-764.Τσμο0.
888 3287 994 3352 GM

63 3348 153 3400 tergus.
162 3344 252 3390 --767
269 3340 436 3401 hamanaque
446 3343 479 3402 by
490 3341 531 3389 tlrc
548 3342 715 3391 arsis-775.
734 3341 782 3391 Gur
791 3346 875 3396 meda.
901 3348 997 3412 ὴς

940 3411 994 3452 rel-²

65 3398 168 3445 000,
994 3402 1038 3582 ὲ
