2078 3622
426 173 520 214 urana
540 174 583 215 111.
928 157 967 220 27

112 303 165 356 Aut
177 301 249 355 intus
261 301 368 355 clausos
379 311 470 355 satura
480 302 514 354 ad
528 302 668 372 praesepia
680 310 797 356 serrant.

112 372 199 442 Carpit
212 372 286 424 enim
298 372 369 425 vires
380 372 520 441 paullatim
532 373 637 440 uritque
650 371 766 425 videndo
915 381 966 431 215

113 441 240 510 Femina,
260 458 311 494 nec
322 459 464 495 nemorum
475 441 573 511 patitur
584 442 749 512 meminisse,
762 459 814 496 nec
826 442 936 500 herbae.

112 511 242 564 Dulcibus
254 510 301 564 illa
313 511 425 581 quidem
437 511 572 564 illecebris
584 519 611 564 et
624 529 706 581 saepe
720 512 850 581 superbos

114 581 242 634 Cornibus
253 581 322 634 inter
334 597 363 634 se
376 581 475 650 subigit
488 582 633 634 decernere
645 583 773 636 amantis.

112 650 269 704 -Pascitur
280 651 308 704 in
320 668 419 721 magna
431 651 484 704 Sila
496 652 612 704 formosa
622 651 775 721 juvenca-

112 719 153 774 llli
165 720 328 774 alternantes
341 722 426 775 multa
437 723 464 774 vi
477 720 576 790 proelia
588 723 703 775 miscent
914 729 965 777 220

113 789 275 843 Vulneribus
287 790 388 844 crebris
395 808 402 860 3
421 791 485 844 lavit
498 798 555 843 ater
567 807 676 860 corpora
688 793 805 864 sanguis,

113 859 250 929 Versaque
263 861 292 914 in
303 861 415 914 obnixos
428 869 573 930 urguentur
585 878 684 914 cornua
695 870 771 915 vasto

114 929 180 982 Cum
191 931 294 998 gemitu
304 947 311 998 ;
330 931 440 984 reboant
452 931 590 1000 silvaeque
602 939 629 984 et
641 929 736 1000 longus
748 931 888 1003 Olympus.

112 999 171 1052 Nec
182 1017 242 1053 mos
252 1000 378 1054 bellantis
389 1018 442 1055 una
454 1001 588 1054 stabulare
595 1018 603 1070 ;
622 1001 670 1054 sed
682 1001 750 1054 ulter

113 1069 206 1122 Victus
217 1070 280 1139 abit,
294 1071 426 1140 longeque
439 1072 535 1140 ignotis
546 1071 722 1141 exsulatloris,
750 1091 753 1094 ⁴
914 1076 965 1125 225

114 1139 201 1212 Multa
213 1157 326 1208 gemens
337 1141 510 1209 ignominiam
521 1141 669 1211 plagasque
681 1139 791 1211 superbi

114 1209 307 1280 Victoriqtum
329 1227 396 1281 quos
407 1212 496 1265 amisit
508 1211 615 1280 inultus,
628 1227 742 1279 amores,

115 1278 148 1331 Et
161 1280 267 1333 stabula
278 1250 440 1350 adspectans
452 1281 540 1349 regnis
551 1281 667 1334 excessit
678 1281 766 1333 eritis.

114 1348 182 1417 Ergo
195 1351 267 1402 omni
281 1367 345 1403 cura
357 1351 429 1403 vires
441 1359 557 1419 exercet,
571 1357 598 1402 et
610 1350 679 1403 inter

114 1418 186 1471 Dura
196 1414 269 1489 jacet
283 1437 384 1489 pernox
395 1420 504 1473 instrato
517 1437 582 1473 saxa
594 1418 685 1490 cubili,

115 1487 264 1543 Frondibus
275 1489 382 1543 hirsutis
395 1499 421 1542 et
434 1490 522 1543 carice
535 1497 627 1559 pastus
638 1497 726 1559 acuta,

115 1558 149 1610 Et
161 1568 245 1612 tentat
257 1577 326 1629 sese,
338 1569 421 1629 atque
434 1561 511 1613 irasci
524 1560 551 1613 in
563 1576 663 1613 cornua
674 1560 754 1614 discit

114 1628 223 1682 Arboris
234 1629 348 1682 obnixus
360 1638 461 1699 trunco,
474 1637 623 1700 ventosque
635 1629 744 1682 lacessit

115 1697 222 1762 lctibus,
235 1708 263 1751 et
276 1715 368 1767 sparsa
378 1699 413 1751 ad
425 1716 544 1768 pugnam
556 1699 671 1768 proludit
682 1716 773 1752 arena.

115 1767 183 1836 Post,
197 1767 244 1821 ubi
256 1768 399 1838 collectum
412 1769 490 1823 robur
501 1769 624 1838 viresque
637 1769 763 1840 resectae,
917 1771 966 1821 235

116 1835 194 1910 Signa
207 1846 305 1907 movet,
318 1855 502 1918 praecepsque
514 1838 628 1892 oblitum
641 1839 725 1892 fertur
736 1839 764 1892 in
776 1839 881 1893 bostem
888 1854 897 1908 3

116 1904 227 1959 Fluctus
240 1907 278 1960 uti
290 1907 380 1960 medio
393 1917 480 1977 coepit
492 1925 555 1962 cum
567 1908 706 1962 albescere
719 1917 806 1978 ponto,

116 1975 231 2045 Longius
243 1995 278 2030 ex
289 1977 398 2047 altoque
410 1978 499 2032 sinum
512 1979 593 2031 trabit
600 1995 608 2045 3
625 1986 709 2047 utque
722 1977 829 2031 volutus

116 2047 158 2098 Ad
172 2055 255 2100 terras
267 2048 386 2100 immane
399 2056 475 2100 sonat
487 2064 535 2117 per
547 2063 620 2117 saxa,
633 2064 723 2116 nsque
735 2047 793 2116 ipso

116 2115 211 2168 Monte
223 2117 309 2170 minor
320 2116 487 2187 procumbit·
505 2124 533 2168 at
544 2117 600 2170 ima
611 2124 751 2169 exaestuat
764 2115 837 2170 unda
917 2120 968 2170 240

117 2185 276 2256 verticibus,
291 2185 448 2256 nigramque
461 2157 516 2239 alte
529 2185 661 2256 subjectat
673 2202 793 2239 arenam.
832 2200 842 2236 J

151 2256 236 2309 Omne
248 2255 317 2309 adeo
328 2273 415 2324 genus
427 2256 454 2310 in
466 2256 542 2309 terris
553 2255 747 2325 hominumque
759 2256 939 2328 ferarumque,

117 2324 151 2376 Et
162 2342 250 2396 genus
260 2342 433 2396 aequoreum,
446 2326 574 2397 pecudes,
587 2326 676 2396 pictae
696 2343 730 2379 ue
743 2326 872 2397 volucres,

117 2394 146 2446 In
159 2394 242 2448 furias
253 2396 399 2465 ignemque
413 2405 506 2450 ruunt:
525 2412 600 2449 amor
612 2397 684 2450 omui
705 2413 738 2450 us
749 2395 832 2450 idem.

117 2462 250 2533 Tempore
262 2482 315 2518 non
326 2465 379 2518 alio
391 2465 540 2519 catulorum
552 2465 635 2519 oblita
646 2466 743 2519 leaena
918 2469 969 2520 2⁴5

117 2533 224 2587 Saevior
235 2534 333 2589 errarit
345 2535 456 2604 campis,
469 2552 520 2588 nec
531 2535 626 2590 funera
638 2536 717 2605 vulgo

117 2604 187 2657 Tam
200 2605 285 2658 multa
296 2605 424 2658 informes
435 2607 491 2659 ursi
504 2614 674 2675 stragemque
686 2604 786 2658 dedere

117 2674 169 2726 Per
181 2673 278 2744 silvas;
298 2684 356 2728 tum
369 2691 466 2727 saevus
477 2691 549 2744 aper,
564 2685 620 2728 tutu
634 2676 753 2744 pessima
764 2675 846 2744 tigris.

118 2741 185 2811 Heu,
199 2744 271 2797 male
284 2753 342 2798 tum
354 2743 458 2814 Libyae
471 2744 534 2797 solis
546 2752 646 2797 erratur
658 2744 686 2797 in
697 2743 777 2812 agris.

118 2812 214 2865 Nonne
228 2813 310 2884 vides,
324 2821 353 2866 ut
366 2821 421 2867 tota
433 2823 531 2867 tremor
543 2820 676 2883 pertentet
689 2829 820 2882 equorum
856 2830 858 2834 ·
922 2816 971 2864 250

119 2882 241 2952 Corpora,
256 2882 280 2936 si
292 2891 397 2937 tantum
409 2891 487 2936 notas
499 2883 563 2936 odor
575 2881 664 2935 attulit
676 2881 774 2952 aurasl¹

119 2954 160 3004 Ac
172 2968 261 3022 neque
274 2970 320 3006 eos
331 2951 388 3023 jam
400 2953 476 3006 frena
488 2953 584 3021 virum,
599 2967 686 3020 neque
699 2950 811 3004 verbera
823 2967 913 3022 saeva,

120 3023 180 3074 Nou
193 3022 294 3092 scopuli
308 3039 441 3092 rupesque
454 3038 539 3075 cavae
551 3033 633 3092 atque
646 3019 753 3089 objecta
766 3020 902 3074 retardant

120 3091 253 3161 Flumina,
264 3101 398 3161 correptos
410 3091 483 3145 unda
494 3091 644 3161 torquentia
655 3090 763 3142 montis.

120 3161 182 3230 lpse
195 3162 246 3214 ruit
258 3162 408 3231 dentesque
421 3160 572 3214 Sabellicus
583 3160 689 3213 exacuit
702 3177 755 3229 sus,
923 3161 973 3211 255

121 3230 156 3284 Et
169 3231 239 3299 pede
251 3231 397 3300 prosubigit
411 3229 517 3299 terram,
531 3229 607 3282 fricat
620 3230 713 3283 arbore
726 3237 821 3295 costas,

120 3302 210 3368 Atque
223 3299 285 3353 hinc
297 3309 378 3370 atque
391 3299 463 3352 illinc
475 3298 601 3353 humeros
613 3299 647 3351 ad
660 3297 771 3351 vulnera
783 3297 869 3350 duret.

121 3369 192 3428 Quid
204 3369 319 3440 juvenis,
332 3385 460 3438 maguum
474 3367 518 3422 cui
530 3377 618 3421 versat
631 3369 658 3422 in
671 3367 779 3420 ossibus
791 3366 883 3434 ignem

157 3444 172 3488 ⁹
512 3469 521 3504 1
