2078 3622
383 153 477 193 mauu
497 153 517 192 r.
870 140 920 199 στὶ

55 281 265 350 Haedorumque
277 279 336 334 dies
347 281 470 335 servandi
482 289 509 334 et
521 279 628 333 lucidus
639 280 751 350 Anguis,
858 287 919 336 205

55 352 146 411 Quam
157 350 256 420 quibus
268 349 295 402 in
306 350 418 418 patriam
431 360 542 405 ventosa
554 367 602 419 per
613 366 730 472 aequora
742 348 829 405 vectis

57 422 157 475 Pontus
169 434 196 473 et
208 418 320 472 ostriferi
331 419 426 472 fauces
437 428 571 474 tentantur
582 419 644 489 Aby
665 420 682 472 i.

57 490 136 544 Libra
148 490 193 542 die
206 488 346 558 somnique
358 506 436 558 pares
449 490 495 543 ubi
506 489 601 542 lecerit
613 488 699 559 horas,

57 560 92 614 Et
104 559 227 614 medium
239 558 295 611 luci
306 568 385 627 atque
398 559 500 612 umbris
511 559 567 628 jam
579 559 675 612 dividit
687 559 795 630 orbem,

57 629 198 698 Exercete,
211 628 269 697 viri,
283 635 386 697 taurea,
405 628 485 681 serite
497 628 597 682 hordea
608 629 712 698 campis
858 635 909 684 210

59 698 149 768 Usque
161 698 212 751 sub
224 706 376 750 extremum
388 697 499 750 brumae
511 699 685 752 intractabilis
697 698 822 753 imbrem.

56 769 181 821 Necnon
194 777 220 820 et
233 767 279 820 lini
292 775 413 834 segetem
426 776 453 820 et
466 768 576 820 Cereale
588 783 706 838 papaver

57 837 178 907 Tempus
189 835 272 890 humo
285 845 384 906 tegere,
397 844 424 888 et
435 837 596 906 jamdudum
608 837 763 892 incumbere
775 838 870 892 aratris
876 855 884 908 3

57 907 129 960 Dum
143 907 215 959 sicca
227 906 323 959 tellure
335 905 406 975 licet,
419 907 485 960 dum
501 907 595 961 nubila
606 906 733 975 pendent.

56 976 127 1029 Vere
140 975 211 1029 fabis
222 975 305 1043 satio;
323 983 380 1027 tum
394 984 420 1027 te
432 993 546 1046 quoque,
560 975 679 1044 Medica,
692 984 785 1046 putres
856 981 906 1030 215

57 1045 200 1114 Accipiunt
212 1045 287 1113 sulci,
302 1052 329 1097 et
340 1044 415 1098 milio
427 1046 500 1098 venit
511 1062 600 1098 annua
611 1061 691 1098 cura:

58 1115 194 1168 Candidus
205 1115 305 1180 auratis
315 1114 400 1182 aperit
411 1131 476 1167 cum
487 1116 611 1168 cornibus
621 1132 723 1169 annum

57 1186 169 1254 Taurus,
182 1192 209 1237 et
221 1183 334 1237 adverso
346 1183 446 1236 cedens
458 1185 537 1237 Canis
549 1184 645 1237 occidit
656 1193 736 1238 astro.

57 1256 94 1306 At
106 1254 129 1307 si
141 1254 272 1307 triticeam
286 1254 313 1305 in
326 1270 445 1306 messem
456 1253 618 1322 robustaque
630 1253 700 1307 sarra

58 1323 204 1377 Exercebis
217 1323 338 1390 humum,
353 1322 468 1391 solisque
480 1323 592 1376 instabis
603 1324 699 1394 aristis,
857 1328 908 1378 220

58 1397 128 1446 Ante
142 1393 189 1446 tibi
202 1394 276 1446 ane
288 1391 439 1445 Atlantides
450 1391 653 1462 abscondantur,

58 1463 211 1531 Gnosiaque
222 1462 341 1515 ardentis
352 1461 466 1514 decedat
479 1461 557 1514 stella
568 1463 693 1533 Coronae,

58 1531 155 1585 Debita
167 1549 249 1600 quam
262 1531 343 1585 sulcis
355 1534 507 1585 committas
519 1531 630 1602 semina,
644 1549 780 1603 quamque

58 1601 160 1655 Invitae
173 1618 299 1670 properes
310 1601 373 1654 anni
385 1618 462 1670 spem
474 1601 584 1655 credere
597 1611 691 1655 terrae.

57 1670 138 1724 Multi
150 1679 213 1723 ante
226 1687 353 1723 occasum
365 1671 457 1724 Maiae
469 1687 596 1740 coepere;
614 1671 663 1725 sed
674 1672 735 1725 illos
857 1675 908 1723 225

58 1741 222 1809 Exspectata
234 1757 314 1808 seges
325 1740 400 1793 vanis
411 1740 490 1794 elusit
501 1741 599 1794 aristis.

58 1809 84 1862 Si
97 1827 160 1862 vero
172 1810 326 1879 viciamque
338 1827 412 1862 seres
424 1811 560 1878 vilemque
575 1809 699 1880 faselum,

57 1879 116 1932 Nec
128 1879 286 1932 Pelusiacae
299 1896 391 1932 curam
403 1879 581 1948 aspernabere
593 1879 681 1948 lentis,

57 1948 136 2002 Haud
149 1949 262 2002 obscura
274 1947 374 2001 cadens
386 1950 467 2002 mittit
479 1948 529 2002 tibi
541 1949 616 2017 signa
628 1949 740 2015 Bootes3

58 2018 112 2070 lnci
133 2035 157 2088 e,
171 2027 198 2071 et
209 2017 244 2070 ad
257 2018 362 2070 medias
374 2027 524 2072 sementem
537 2017 652 2070 extende
670 2018 788 2086 pruinas.
859 2022 910 2070 230

93 2089 104 2141 l
125 2088 197 2141 circo
209 2087 289 2141 certis
300 2087 453 2140 dimensum
466 2087 587 2154 partibus
597 2086 689 2139 orbern

58 2157 110 2209 Per
122 2157 246 2210 duodena
259 2155 325 2225 regit
336 2156 430 2209 mundi
443 2154 487 2209 Sol
498 2172 597 2208 aureus
608 2164 688 2208 astra.

58 2225 184 2295 Quinque
196 2234 288 2279 tenent
300 2225 407 2279 coelum
419 2241 519 2279 zonae:
541 2241 654 2294 quarum
665 2242 719 2278 una
731 2240 841 2278 corusco

59 2295 170 2364 Semper
182 2294 238 2348 sole
251 2294 356 2363 rubens,
370 2303 397 2347 et
411 2294 506 2348 torrida
519 2311 625 2363 semper
636 2294 672 2349 ab
683 2295 738 2364 igni
745 2313 753 2364 3

58 2363 148 2422 Quam
159 2365 261 2417 circum
276 2375 413 2418 extremae
426 2364 520 2418 dextra
531 2363 662 2444 laevaque
675 2365 822 2435 trahuntur,
860 2367 909 2417 235

59 2434 187 2486 Caerulea
198 2433 286 2502 glacie
298 2443 439 2486 concretae
451 2443 532 2503 atque
545 2434 678 2488 imbribus
688 2435 762 2488 atria.

58 2502 115 2555 Has
127 2503 195 2555 inter
208 2503 379 2571 mediamque
392 2503 462 2556 dnae
474 2503 629 2557 mortalibus
640 2505 729 2572 aegris

58 2571 174 2626 Munere
186 2589 330 2625 concessae
343 2571 454 2640 divum,
472 2581 498 2626 et
511 2573 555 2624 via
568 2582 642 2625 secta
653 2590 701 2644 per
712 2573 816 2644 ambas,

57 2640 188 2710 Obliquus
199 2659 253 2711 qua
265 2659 294 2695 se
307 2640 441 2710 signorum
454 2651 568 2694 verteret
580 2642 651 2695 ordo.

58 2710 186 2790 Mundus,
199 2721 229 2765 ut
241 2711 275 2764 ad
288 2711 425 2780 Scythiam
437 2711 625 2780 Rhipaeasque
637 2711 737 2764 arduus
747 2729 824 2765 arces
859 2715 910 2765 ato

58 2780 205 2850 Consurgrt,
219 2781 346 2850 premitur
358 2781 460 2848 Libyae
472 2780 594 2832 devexus
605 2780 630 2832 iu
644 2784 762 2833 Austros.

58 2849 109 2901 Hic
122 2858 216 2902 vertex
227 2850 304 2903 nobis
317 2867 424 2918 semper
437 2848 559 2901 sublimis
567 2865 574 2915 5
592 2855 620 2899 at
631 2848 707 2902 illurn

58 2917 114 2970 Sub
126 2919 242 2996 pedibus
253 2919 319 2987 Styx
330 2929 387 2970 atra
398 2917 471 2970 videt
482 2918 635 2985 Manesque
648 2917 782 2986 profundi.

59 2987 198 3040 Maximus
209 2987 255 3040 hic
267 2988 338 3041 flexu
352 2988 458 3040 sinuoso
474 2985 587 3039 elabitur
599 2987 703 3054 Anguis
744 3023 749 3029 -

58 3056 166 3109 Circum
178 3073 280 3126 perque
292 3057 361 3110 duas
373 3057 400 3108 in
414 3073 519 3109 morem
531 3054 650 3109 fluminis
661 3059 765 3128 Arctoa,
860 3061 910 3110 245

58 3128 154 3178 Arctos
167 3126 266 3178 Oceani
279 3125 425 3179 metuentia
438 3142 553 3193 aequore
567 3126 661 3193 tingui.

59 3194 125 3261 lllic,
138 3202 167 3246 ut
178 3195 328 3264 perhibent,
342 3202 388 3246 aut
401 3195 563 3263 intempesta
575 3195 636 3247 silet
647 3212 707 3265 nox,

58 3263 170 3332 Semper
181 3272 209 3317 et
220 3264 328 3317 obtenta
340 3263 485 3315 densantur
496 3272 573 3315 nocte
587 3263 730 3318 tenebrae:

102 3400 217 3447 aar-256.
234 3398 290 3448 The
301 3397 372 3447 sun's
383 3397 471 3446 annual
482 3411 578 3454 course,
591 3396 639 3446 and
649 3396 691 3446 the
702 3394 794 3446 zodiac.
