<?xml version="1.0" encoding="UTF-8"?>
<!DOCTYPE html PUBLIC "-//W3C//DTD XHTML 1.0 Transitional//EN"
    "http://www.w3.org/TR/xhtml1/DTD/xhtml1-transitional.dtd">
<html xmlns="http://www.w3.org/1999/xhtml" xml:lang="en" lang="en">
 <head>
  <title>
</title>
<meta http-equiv="Content-Type" content="text/html;charset=utf-8" />
  <meta name='ocr-system' content='tesseract 3.04.00' />
  <meta name='ocr-capabilities' content='ocr_page ocr_carea ocr_par ocr_line ocrx_word'/>
</head>
<body>
  <div class='ocr_page' id='page_1' title='image "./carmina00virggoog_0368.png"; bbox 0 0 2078 3622; ppageno 0'>
   <div class='ocr_carea' id='block_1_1' title="bbox 461 160 619 200">
    <p class='ocr_par' dir='ltr' id='par_1_1' title="bbox 461 160 619 200">
     <span class='ocr_line' id='line_1_1' title="bbox 461 160 619 200; baseline -0.019 -1"><span class='ocrx_word' id='word_1_1' title='bbox 461 160 619 200; x_wconf 73' lang='lat' dir='ltr'>AENEIDOS.</span> 
     </span>
    </p>
   </div>
   <div class='ocr_carea' id='block_1_2' title="bbox 145 284 1001 2706">
    <p class='ocr_par' dir='ltr' id='par_1_2' title="bbox 150 284 995 563">
     <span class='ocr_line' id='line_1_2' title="bbox 151 284 890 356; baseline -0.003 -14"><span class='ocrx_word' id='word_1_2' title='bbox 151 288 160 321; x_wconf 88' lang='lat'>‘</span> <span class='ocrx_word' id='word_1_3' title='bbox 166 287 189 341; x_wconf 92' lang='grc' dir='ltr'><strong>Ο</strong></span> <span class='ocrx_word' id='word_1_4' title='bbox 200 287 286 356; x_wconf 88' lang='lat' dir='ltr'>Pater,</span> <span class='ocrx_word' id='word_1_5' title='bbox 299 302 315 339; x_wconf 93' lang='lat' dir='ltr'>o</span> <span class='ocrx_word' id='word_1_6' title='bbox 327 285 467 340; x_wconf 89' lang='lat' dir='ltr'>hominum</span> <span class='ocrx_word' id='word_1_7' title='bbox 479 302 621 355; x_wconf 81' lang='lat' dir='ltr'>rerumque</span> <span class='ocrx_word' id='word_1_8' title='bbox 632 295 743 339; x_wconf 88' lang='lat' dir='ltr'>aeterna</span> <span class='ocrx_word' id='word_1_9' title='bbox 754 284 890 356; x_wconf 82' lang='lat' dir='ltr'>potestas!</span> 
     </span>
     <span class='ocr_line' id='line_1_3' title="bbox 150 354 962 426; baseline -0.004 -16"><span class='ocrx_word' id='word_1_10' title='bbox 150 357 277 426; x_wconf 84' lang='lat' dir='ltr'><strong>Namque</strong></span> <span class='ocrx_word' id='word_1_11' title='bbox 288 354 364 408; x_wconf 90' lang='lat' dir='ltr'>aliud</span> <span class='ocrx_word' id='word_1_12' title='bbox 374 356 440 424; x_wconf 92' lang='lat' dir='ltr'>quid</span> <span class='ocrx_word' id='word_1_13' title='bbox 451 355 493 425; x_wconf 88' lang='lat' dir='ltr'>sit,</span> <span class='ocrx_word' id='word_1_14' title='bbox 506 354 576 423; x_wconf 89' lang='lat' dir='ltr'>quod</span> <span class='ocrx_word' id='word_1_15' title='bbox 588 354 645 424; x_wconf 91' lang='lat' dir='ltr'>jam</span> <span class='ocrx_word' id='word_1_16' title='bbox 657 355 797 426; x_wconf 88' lang='lat' dir='ltr'>implorare</span> <span class='ocrx_word' id='word_1_17' title='bbox 809 354 962 424; x_wconf 80' lang='lat' dir='ltr'>queamusl</span> 
     </span>
     <span class='ocr_line' id='line_1_4' title="bbox 150 424 995 495; baseline -0.006 -16"><span class='ocrx_word' id='word_1_18' title='bbox 150 427 251 495; x_wconf 82' lang='lat' dir='ltr'>Cernis,</span> <span class='ocrx_word' id='word_1_19' title='bbox 264 435 293 478; x_wconf 91' lang='lat' dir='ltr'>ut</span> <span class='ocrx_word' id='word_1_20' title='bbox 304 424 432 477; x_wconf 87' lang='lat' dir='ltr'>insultent</span> <span class='ocrx_word' id='word_1_21' title='bbox 442 424 540 493; x_wconf 86' lang='lat' dir='ltr'>Rutuli,</span> <span class='ocrx_word' id='word_1_22' title='bbox 553 425 713 494; x_wconf 85' lang='lat' dir='ltr'>Turnusque</span> <span class='ocrx_word' id='word_1_23' title='bbox 725 424 824 477; x_wconf 80' lang='lat' dir='ltr'>feratur</span> <span class='ocrx_word' id='word_1_24' title='bbox 965 428 995 475; x_wconf 68' lang='lat'>2⁰</span> 
     </span>
     <span class='ocr_line' id='line_1_5' title="bbox 150 492 840 563; baseline -0.004 -16"><span class='ocrx_word' id='word_1_25' title='bbox 150 495 202 547; x_wconf 89' lang='lat' dir='ltr'>Per</span> <span class='ocrx_word' id='word_1_26' title='bbox 213 494 316 548; x_wconf 85' lang='lat' dir='ltr'>medios</span> <span class='ocrx_word' id='word_1_27' title='bbox 328 494 439 561; x_wconf 82' lang='lat' dir='ltr'>insignis</span> <span class='ocrx_word' id='word_1_28' title='bbox 450 496 527 563; x_wconf 93' lang='lat' dir='ltr'>equis</span> <span class='ocrx_word' id='word_1_29' title='bbox 539 493 710 563; x_wconf 87' lang='lat' dir='ltr'>tumidusque</span> <span class='ocrx_word' id='word_1_30' title='bbox 722 492 840 547; x_wconf 88' lang='lat' dir='ltr'>seeundo</span> 
     </span>
    </p>

    <p class='ocr_par' dir='ltr' id='par_1_3' title="bbox 150 562 963 703">
     <span class='ocr_line' id='line_1_6' title="bbox 150 562 963 631; baseline -0.002 -14"><span class='ocrx_word' id='word_1_31' title='bbox 150 564 239 617; x_wconf 88' lang='lat' dir='ltr'>Marte</span> <span class='ocrx_word' id='word_1_32' title='bbox 252 564 331 616; x_wconf 78' lang='lat' dir='ltr'>ruatl</span> <span class='ocrx_word' id='word_1_33' title='bbox 363 564 425 617; x_wconf 92' lang='lat' dir='ltr'>Non</span> <span class='ocrx_word' id='word_1_34' title='bbox 436 563 528 616; x_wconf 85' lang='lat' dir='ltr'>clausa</span> <span class='ocrx_word' id='word_1_35' title='bbox 540 572 632 631; x_wconf 83' lang='lat' dir='ltr'>regunt</span> <span class='ocrx_word' id='word_1_36' title='bbox 647 563 699 616; x_wconf 85' lang='lat' dir='ltr'>&#39;am</span> <span class='ocrx_word' id='word_1_37' title='bbox 711 562 818 616; x_wconf 85' lang='lat' dir='ltr'>moenia</span> <span class='ocrx_word' id='word_1_38' title='bbox 830 563 963 615; x_wconf 86' lang='lat' dir='ltr'>Teucros:</span> 
     </span>
     <span class='ocr_line' id='line_1_7' title="bbox 150 632 807 703; baseline -0.005 -16"><span class='ocrx_word' id='word_1_39' title='bbox 150 633 221 692; x_wconf 84' lang='lat' dir='ltr'>Quin</span> <span class='ocrx_word' id='word_1_40' title='bbox 233 632 302 686; x_wconf 91' lang='lat' dir='ltr'>intra</span> <span class='ocrx_word' id='word_1_41' title='bbox 314 640 401 702; x_wconf 89' lang='lat' dir='ltr'>portae</span> <span class='ocrx_word' id='word_1_42' title='bbox 413 640 494 701; x_wconf 86' lang='lat' dir='ltr'>atque</span> <span class='ocrx_word' id='word_1_43' title='bbox 507 632 572 703; x_wconf 86' lang='lat' dir='ltr'>ipsis</span> <span class='ocrx_word' id='word_1_44' title='bbox 583 648 645 701; x_wconf 88' lang='lat' dir='ltr'>pree</span> <span class='ocrx_word' id='word_1_45' title='bbox 658 634 663 642; x_wconf 93' lang='lat'>&#39;</span> <span class='ocrx_word' id='word_1_46' title='bbox 693 634 807 686; x_wconf 89' lang='lat' dir='ltr'>miscent</span> 
     </span>
    </p>

    <p class='ocr_par' dir='ltr' id='par_1_4' title="bbox 149 700 998 895">
     <span class='ocr_line' id='line_1_8' title="bbox 149 700 905 772; baseline -0.001 -18"><span class='ocrx_word' id='word_1_47' title='bbox 149 703 302 771; x_wconf 79' lang='lat' dir='ltr'>Aggeribus</span> <span class='ocrx_word' id='word_1_48' title='bbox 313 718 472 772; x_wconf 86' lang='lat' dir='ltr'>moerorum,</span> <span class='ocrx_word' id='word_1_49' title='bbox 486 711 513 755; x_wconf 91' lang='lat' dir='ltr'>et</span> <span class='ocrx_word' id='word_1_50' title='bbox 525 700 653 755; x_wconf 83' lang='lat' dir='ltr'>inundarit</span> <span class='ocrx_word' id='word_1_51' title='bbox 665 703 795 770; x_wconf 83' lang='lat' dir='ltr'>sanguine</span> <span class='ocrx_word' id='word_1_52' title='bbox 807 701 905 754; x_wconf 83' lang='lat' dir='ltr'>fossae.</span> 
     </span>
     <span class='ocr_line' id='line_1_9' title="bbox 149 770 998 840; baseline -0.002 -17"><span class='ocrx_word' id='word_1_53' title='bbox 149 774 258 824; x_wconf 78' lang='lat' dir='ltr'>Aeneas</span> <span class='ocrx_word' id='word_1_54' title='bbox 270 771 377 839; x_wconf 82' lang='lat' dir='ltr'>ignarus</span> <span class='ocrx_word' id='word_1_55' title='bbox 387 770 474 824; x_wconf 86' lang='lat' dir='ltr'>abest.</span> <span class='ocrx_word' id='word_1_56' title='bbox 509 773 701 840; x_wconf 85' lang='lat' dir='ltr'>Numquamne</span> <span class='ocrx_word' id='word_1_57' title='bbox 713 772 797 825; x_wconf 86' lang='lat' dir='ltr'>levari</span> <span class='ocrx_word' id='word_1_58' title='bbox 815 812 818 821; x_wconf 94' lang='lat'><em>.</em></span> <span class='ocrx_word' id='word_1_59' title='bbox 965 774 998 821; x_wconf 75' lang='lat'>25</span> 
     </span>
     <span class='ocr_line' id='line_1_10' title="bbox 150 840 841 895; baseline 0 -2"><span class='ocrx_word' id='word_1_60' title='bbox 150 840 295 893; x_wconf 84' lang='lat' dir='ltr'>Obsidione</span> <span class='ocrx_word' id='word_1_61' title='bbox 308 840 400 893; x_wconf 75' lang='lat' dir='ltr'>sinosl</span> <span class='ocrx_word' id='word_1_62' title='bbox 417 840 501 894; x_wconf 89' lang='lat' dir='ltr'>muris</span> <span class='ocrx_word' id='word_1_63' title='bbox 513 841 609 893; x_wconf 88' lang='lat' dir='ltr'>iterum</span> <span class='ocrx_word' id='word_1_64' title='bbox 622 842 745 895; x_wconf 89' lang='lat' dir='ltr'>imminet</span> <span class='ocrx_word' id='word_1_65' title='bbox 757 841 841 893; x_wconf 90' lang='lat' dir='ltr'>hostis</span> 
     </span>
    </p>

    <p class='ocr_par' dir='ltr' id='par_1_5' title="bbox 149 909 772 980">
     <span class='ocr_line' id='line_1_11' title="bbox 149 909 772 980; baseline 0 -18"><span class='ocrx_word' id='word_1_66' title='bbox 149 909 292 962; x_wconf 77' lang='lat' dir='ltr'>Nascentis</span> <span class='ocrx_word' id='word_1_67' title='bbox 303 910 407 980; x_wconf 90' lang='lat' dir='ltr'>Trojae,</span> <span class='ocrx_word' id='word_1_68' title='bbox 420 926 471 963; x_wconf 89' lang='lat' dir='ltr'>neo</span> <span class='ocrx_word' id='word_1_69' title='bbox 482 927 534 963; x_wconf 89' lang='lat' dir='ltr'>non</span> <span class='ocrx_word' id='word_1_70' title='bbox 547 912 679 963; x_wconf 83' lang='lat' dir='ltr'>exercitus</span> <span class='ocrx_word' id='word_1_71' title='bbox 690 910 772 977; x_wconf 78' lang='lat' dir='ltr'>alter,</span> 
     </span>
    </p>

    <p class='ocr_par' dir='ltr' id='par_1_6' title="bbox 148 978 865 1117">
     <span class='ocr_line' id='line_1_12' title="bbox 148 978 865 1048; baseline -0.003 -17"><span class='ocrx_word' id='word_1_72' title='bbox 148 981 240 1048; x_wconf 83' lang='lat' dir='ltr'>Atque</span> <span class='ocrx_word' id='word_1_73' title='bbox 251 980 349 1032; x_wconf 87' lang='lat' dir='ltr'>iterum</span> <span class='ocrx_word' id='word_1_74' title='bbox 361 981 388 1031; x_wconf 89' lang='lat' dir='ltr'>in</span> <span class='ocrx_word' id='word_1_75' title='bbox 400 980 519 1031; x_wconf 89' lang='lat' dir='ltr'>Teucros</span> <span class='ocrx_word' id='word_1_76' title='bbox 530 981 632 1032; x_wconf 87' lang='lat' dir='ltr'>Aetolis</span> <span class='ocrx_word' id='word_1_77' title='bbox 644 982 727 1047; x_wconf 82' lang='lat' dir='ltr'>surgit</span> <span class='ocrx_word' id='word_1_78' title='bbox 738 980 773 1032; x_wconf 90' lang='lat' dir='ltr'>ab</span> <span class='ocrx_word' id='word_1_79' title='bbox 785 978 865 1047; x_wconf 87' lang='lat' dir='ltr'>Arpis</span> 
     </span>
     <span class='ocr_line' id='line_1_13' title="bbox 149 1047 865 1117; baseline 0 -17"><span class='ocrx_word' id='word_1_80' title='bbox 149 1048 277 1117; x_wconf 87' lang='lat' dir='ltr'>Tydides.</span> <span class='ocrx_word' id='word_1_81' title='bbox 314 1047 450 1117; x_wconf 85' lang='lat' dir='ltr'>Equidem</span> <span class='ocrx_word' id='word_1_82' title='bbox 461 1048 549 1116; x_wconf 89' lang='lat' dir='ltr'>oredo,</span> <span class='ocrx_word' id='word_1_83' title='bbox 562 1066 625 1102; x_wconf 90' lang='lat' dir='ltr'>mea</span> <span class='ocrx_word' id='word_1_84' title='bbox 636 1049 745 1102; x_wconf 88' lang='lat' dir='ltr'>vulnera</span> <span class='ocrx_word' id='word_1_85' title='bbox 757 1057 865 1117; x_wconf 88' lang='lat' dir='ltr'>restant,</span> 
     </span>
    </p>

    <p class='ocr_par' dir='ltr' id='par_1_7' title="bbox 149 1117 999 1257">
     <span class='ocr_line' id='line_1_14' title="bbox 149 1117 999 1187; baseline -0.004 -16"><span class='ocrx_word' id='word_1_86' title='bbox 149 1118 184 1171; x_wconf 88' lang='lat' dir='ltr'>Et</span> <span class='ocrx_word' id='word_1_87' title='bbox 196 1126 242 1170; x_wconf 90' lang='lat' dir='ltr'>tua</span> <span class='ocrx_word' id='word_1_88' title='bbox 253 1118 393 1187; x_wconf 87' lang='lat' dir='ltr'>progenies</span> <span class='ocrx_word' id='word_1_89' title='bbox 404 1117 527 1171; x_wconf 84' lang='lat' dir='ltr'>mortalia</span> <span class='ocrx_word' id='word_1_90' title='bbox 538 1118 661 1171; x_wconf 91' lang='lat' dir='ltr'>demoror</span> <span class='ocrx_word' id='word_1_91' title='bbox 671 1117 763 1171; x_wconf 89' lang='lat' dir='ltr'>arma!</span> <span class='ocrx_word' id='word_1_92' title='bbox 966 1119 999 1168; x_wconf 86' lang='grc'>30</span> 
     </span>
     <span class='ocr_line' id='line_1_15' title="bbox 149 1187 784 1257; baseline -0.002 -18"><span class='ocrx_word' id='word_1_93' title='bbox 149 1187 176 1240; x_wconf 86' lang='lat' dir='ltr'>Si</span> <span class='ocrx_word' id='word_1_94' title='bbox 187 1187 244 1240; x_wconf 88' lang='lat' dir='ltr'>siue</span> <span class='ocrx_word' id='word_1_95' title='bbox 256 1204 323 1257; x_wconf 86' lang='lat' dir='ltr'>pace</span> <span class='ocrx_word' id='word_1_96' title='bbox 336 1195 381 1240; x_wconf 84' lang='lat' dir='ltr'>tua</span> <span class='ocrx_word' id='word_1_97' title='bbox 392 1195 474 1256; x_wconf 91' lang='lat' dir='ltr'>atque</span> <span class='ocrx_word' id='word_1_98' title='bbox 486 1187 568 1240; x_wconf 88' lang='lat' dir='ltr'>invito</span> <span class='ocrx_word' id='word_1_99' title='bbox 580 1188 690 1240; x_wconf 90' lang='lat' dir='ltr'>numine</span> <span class='ocrx_word' id='word_1_100' title='bbox 702 1188 784 1239; x_wconf 69' lang='lat' dir='ltr'>Troes</span> 
     </span>
    </p>

    <p class='ocr_par' dir='ltr' id='par_1_8' title="bbox 148 1255 782 1326">
     <span class='ocr_line' id='line_1_16' title="bbox 148 1255 782 1326; baseline -0.003 -16"><span class='ocrx_word' id='word_1_101' title='bbox 148 1256 254 1310; x_wconf 90' lang='lat' dir='ltr'>ltaliam</span> <span class='ocrx_word' id='word_1_102' title='bbox 267 1257 385 1326; x_wconf 86' lang='lat' dir='ltr'>petiere:</span> <span class='ocrx_word' id='word_1_103' title='bbox 403 1256 478 1309; x_wconf 90' lang='lat' dir='ltr'>luant</span> <span class='ocrx_word' id='word_1_104' title='bbox 490 1266 608 1326; x_wconf 85' lang='lat' dir='ltr'>peccata,</span> <span class='ocrx_word' id='word_1_105' title='bbox 622 1273 710 1326; x_wconf 89' lang='lat' dir='ltr'>neque</span> <span class='ocrx_word' id='word_1_106' title='bbox 722 1255 782 1309; x_wconf 90' lang='lat' dir='ltr'>illos</span> 
     </span>
    </p>

    <p class='ocr_par' dir='ltr' id='par_1_9' title="bbox 148 1325 738 1395">
     <span class='ocr_line' id='line_1_17' title="bbox 148 1325 738 1395; baseline -0.003 -16"><span class='ocrx_word' id='word_1_107' title='bbox 148 1326 256 1379; x_wconf 84' lang='lat' dir='ltr'>Juveris</span> <span class='ocrx_word' id='word_1_108' title='bbox 267 1325 383 1393; x_wconf 77' lang='lat' dir='ltr'>auxilio,</span> <span class='ocrx_word' id='word_1_109' title='bbox 401 1326 442 1379; x_wconf 90' lang='lat' dir='ltr'>sin</span> <span class='ocrx_word' id='word_1_110' title='bbox 457 1334 495 1379; x_wconf 90' lang='lat' dir='ltr'>tot</span> <span class='ocrx_word' id='word_1_111' title='bbox 506 1342 633 1395; x_wconf 87' lang='lat' dir='ltr'>responsa</span> <span class='ocrx_word' id='word_1_112' title='bbox 645 1326 738 1394; x_wconf 87' lang='lat' dir='ltr'>secuti,</span> 
     </span>
    </p>

    <p class='ocr_par' dir='ltr' id='par_1_10' title="bbox 148 1393 1000 1604">
     <span class='ocr_line' id='line_1_18' title="bbox 148 1393 974 1475; baseline -0.001 -27"><span class='ocrx_word' id='word_1_113' title='bbox 148 1395 225 1454; x_wconf 84' lang='lat' dir='ltr'>Quae</span> <span class='ocrx_word' id='word_1_114' title='bbox 237 1395 332 1475; x_wconf 88' lang='lat' dir='ltr'>Superi</span> <span class='ocrx_word' id='word_1_115' title='bbox 343 1395 428 1449; x_wconf 89' lang='lat' dir='ltr'>Mane</span> <span class='ocrx_word' id='word_1_116' title='bbox 460 1412 494 1448; x_wconf 89' lang='lat' dir='ltr'>ue</span> <span class='ocrx_word' id='word_1_117' title='bbox 506 1395 614 1465; x_wconf 83' lang='lat' dir='ltr'>dabant,</span> <span class='ocrx_word' id='word_1_118' title='bbox 628 1411 676 1448; x_wconf 86' lang='lat' dir='ltr'>cur</span> <span class='ocrx_word' id='word_1_119' title='bbox 688 1410 759 1448; x_wconf 91' lang='lat' dir='ltr'>nunc</span> <span class='ocrx_word' id='word_1_120' title='bbox 771 1401 817 1445; x_wconf 86' lang='lat' dir='ltr'>tua</span> <span class='ocrx_word' id='word_1_121' title='bbox 828 1393 974 1463; x_wconf 88' lang='lat' dir='ltr'>quisquam</span> 
     </span>
     <span class='ocr_line' id='line_1_19' title="bbox 148 1461 1000 1535; baseline -0.004 -19"><span class='ocrx_word' id='word_1_122' title='bbox 148 1464 260 1518; x_wconf 85' lang='lat' dir='ltr'>Vertere</span> <span class='ocrx_word' id='word_1_123' title='bbox 270 1482 346 1535; x_wconf 84' lang='lat' dir='ltr'>Jussa</span> <span class='ocrx_word' id='word_1_124' title='bbox 356 1472 443 1535; x_wconf 88' lang='lat' dir='ltr'>potest</span> <span class='ocrx_word' id='word_1_125' title='bbox 454 1506 460 1517; x_wconf 93' lang='lat'>.</span> <span class='ocrx_word' id='word_1_126' title='bbox 481 1472 527 1517; x_wconf 89' lang='lat' dir='ltr'>aut</span> <span class='ocrx_word' id='word_1_127' title='bbox 538 1481 585 1517; x_wconf 88' lang='lat' dir='ltr'>our</span> <span class='ocrx_word' id='word_1_128' title='bbox 596 1481 664 1517; x_wconf 87' lang='lat' dir='ltr'>nova</span> <span class='ocrx_word' id='word_1_129' title='bbox 675 1462 791 1517; x_wconf 88' lang='lat' dir='ltr'>condere</span> <span class='ocrx_word' id='word_1_130' title='bbox 803 1461 879 1516; x_wconf 72' lang='lat' dir='ltr'>fatal</span> <span class='ocrx_word' id='word_1_131' title='bbox 966 1466 1000 1513; x_wconf 84' lang='lat'>35</span> 
     </span>
     <span class='ocr_line' id='line_1_20' title="bbox 148 1532 853 1604; baseline -0.001 -19"><span class='ocrx_word' id='word_1_132' title='bbox 148 1533 220 1592; x_wconf 84' lang='lat' dir='ltr'>Quid</span> <span class='ocrx_word' id='word_1_133' title='bbox 232 1543 354 1604; x_wconf 88' lang='lat' dir='ltr'>repetam</span> <span class='ocrx_word' id='word_1_134' title='bbox 365 1542 474 1586; x_wconf 81' lang='lat' dir='ltr'>exustas</span> <span class='ocrx_word' id='word_1_135' title='bbox 486 1535 601 1603; x_wconf 84' lang='lat' dir='ltr'>Erycino</span> <span class='ocrx_word' id='word_1_136' title='bbox 613 1534 640 1586; x_wconf 90' lang='lat' dir='ltr'>in</span> <span class='ocrx_word' id='word_1_137' title='bbox 652 1533 728 1586; x_wconf 88' lang='lat' dir='ltr'>litore</span> <span class='ocrx_word' id='word_1_138' title='bbox 739 1532 853 1586; x_wconf 79' lang='lat' dir='ltr'>elassisl</span> 
     </span>
    </p>

    <p class='ocr_par' dir='ltr' id='par_1_11' title="bbox 148 1601 819 1672">
     <span class='ocr_line' id='line_1_21' title="bbox 148 1601 819 1672; baseline -0.001 -17"><span class='ocrx_word' id='word_1_139' title='bbox 148 1601 218 1661; x_wconf 85' lang='lat' dir='ltr'>Quid</span> <span class='ocrx_word' id='word_1_140' title='bbox 231 1610 423 1672; x_wconf 83' lang='lat' dir='ltr'>tempestatum</span> <span class='ocrx_word' id='word_1_141' title='bbox 435 1619 534 1672; x_wconf 88' lang='lat' dir='ltr'>regem,</span> <span class='ocrx_word' id='word_1_142' title='bbox 547 1611 695 1671; x_wconf 84' lang='lat' dir='ltr'>ventosque</span> <span class='ocrx_word' id='word_1_143' title='bbox 706 1602 819 1656; x_wconf 86' lang='lat' dir='ltr'>furentis</span> 
     </span>
    </p>

    <p class='ocr_par' dir='ltr' id='par_1_12' title="bbox 148 1670 767 1725">
     <span class='ocr_line' id='line_1_22' title="bbox 148 1670 767 1725; baseline -0.002 -1"><span class='ocrx_word' id='word_1_144' title='bbox 148 1672 244 1724; x_wconf 87' lang='lat' dir='ltr'>Aeolia</span> <span class='ocrx_word' id='word_1_145' title='bbox 255 1672 377 1724; x_wconf 75' lang='lat' dir='ltr'>excitost</span> <span class='ocrx_word' id='word_1_146' title='bbox 396 1680 443 1724; x_wconf 89' lang='lat' dir='ltr'>aut</span> <span class='ocrx_word' id='word_1_147' title='bbox 454 1680 543 1724; x_wconf 89' lang='lat' dir='ltr'>actam</span> <span class='ocrx_word' id='word_1_148' title='bbox 555 1670 673 1725; x_wconf 91' lang='lat' dir='ltr'>nubibus</span> <span class='ocrx_word' id='word_1_149' title='bbox 683 1671 767 1725; x_wconf 75' lang='lat' dir='ltr'>Iriml</span> 
     </span>
    </p>

    <p class='ocr_par' dir='ltr' id='par_1_13' title="bbox 147 1739 809 1795">
     <span class='ocr_line' id='line_1_23' title="bbox 147 1739 809 1795; baseline -0.002 -1"><span class='ocrx_word' id='word_1_150' title='bbox 147 1740 229 1794; x_wconf 87' lang='lat' dir='ltr'>Nune</span> <span class='ocrx_word' id='word_1_151' title='bbox 241 1741 324 1793; x_wconf 89' lang='lat' dir='ltr'>etiam</span> <span class='ocrx_word' id='word_1_152' title='bbox 335 1740 528 1794; x_wconf 82' lang='lat' dir='ltr'>Manis—haee</span> <span class='ocrx_word' id='word_1_153' title='bbox 540 1741 670 1794; x_wconf 87' lang='lat' dir='ltr'>intentata</span> <span class='ocrx_word' id='word_1_154' title='bbox 681 1739 809 1795; x_wconf 88' lang='lat' dir='ltr'>manebat</span> 
     </span>
    </p>

    <p class='ocr_par' dir='ltr' id='par_1_14' title="bbox 148 1809 1001 1950">
     <span class='ocr_line' id='line_1_24' title="bbox 148 1809 1001 1881; baseline -0.004 -18"><span class='ocrx_word' id='word_1_155' title='bbox 148 1809 210 1863; x_wconf 86' lang='lat' dir='ltr'>Sors</span> <span class='ocrx_word' id='word_1_156' title='bbox 220 1818 443 1877; x_wconf 88' lang='lat' dir='ltr'>remm-movet,</span> <span class='ocrx_word' id='word_1_157' title='bbox 456 1817 484 1862; x_wconf 88' lang='lat' dir='ltr'>et</span> <span class='ocrx_word' id='word_1_158' title='bbox 496 1811 599 1881; x_wconf 89' lang='lat' dir='ltr'>superis</span> <span class='ocrx_word' id='word_1_159' title='bbox 610 1810 732 1864; x_wconf 86' lang='lat' dir='ltr'>immissa</span> <span class='ocrx_word' id='word_1_160' title='bbox 742 1816 853 1879; x_wconf 87' lang='lat' dir='ltr'>repente</span> <span class='ocrx_word' id='word_1_161' title='bbox 964 1812 1001 1862; x_wconf 77' lang='grc'>40</span> 
     </span>
     <span class='ocr_line' id='line_1_25' title="bbox 148 1878 796 1950; baseline -0.002 -18"><span class='ocrx_word' id='word_1_162' title='bbox 148 1878 262 1949; x_wconf 85' lang='lat' dir='ltr'>Allecto,</span> <span class='ocrx_word' id='word_1_163' title='bbox 274 1878 382 1933; x_wconf 89' lang='lat' dir='ltr'>mediae</span> <span class='ocrx_word' id='word_1_164' title='bbox 393 1879 491 1933; x_wconf 89' lang='lat' dir='ltr'>Italum</span> <span class='ocrx_word' id='word_1_165' title='bbox 504 1880 635 1933; x_wconf 78' lang='lat' dir='ltr'>bacchata</span> <span class='ocrx_word' id='word_1_166' title='bbox 647 1897 695 1950; x_wconf 89' lang='lat' dir='ltr'>per</span> <span class='ocrx_word' id='word_1_167' title='bbox 705 1878 796 1934; x_wconf 84' lang='lat' dir='ltr'>urbes.</span> 
     </span>
    </p>

    <p class='ocr_par' dir='ltr' id='par_1_15' title="bbox 148 1948 802 2020">
     <span class='ocr_line' id='line_1_26' title="bbox 148 1948 802 2020; baseline -0.002 -19"><span class='ocrx_word' id='word_1_168' title='bbox 148 1948 196 2001; x_wconf 93' lang='lat' dir='ltr'>Nil</span> <span class='ocrx_word' id='word_1_169' title='bbox 208 1965 239 2001; x_wconf 91' lang='lat' dir='ltr'>su</span> <span class='ocrx_word' id='word_1_170' title='bbox 259 1965 287 2002; x_wconf 89' lang='lat' dir='ltr'>er</span> <span class='ocrx_word' id='word_1_171' title='bbox 299 1949 411 2019; x_wconf 90' lang='lat' dir='ltr'>imperio</span> <span class='ocrx_word' id='word_1_172' title='bbox 423 1966 532 2003; x_wconf 92' lang='lat' dir='ltr'>moveor</span> <span class='ocrx_word' id='word_1_173' title='bbox 539 1966 547 2019; x_wconf 75' lang='lat'>5</span> <span class='ocrx_word' id='word_1_174' title='bbox 565 1949 732 2020; x_wconf 80' lang='lat' dir='ltr'>speravimus</span> <span class='ocrx_word' id='word_1_175' title='bbox 743 1949 802 2017; x_wconf 84' lang='lat' dir='ltr'>ista,</span> 
     </span>
    </p>

    <p class='ocr_par' dir='ltr' id='par_1_16' title="bbox 148 1966 858 2096">
     <span class='ocr_line' id='line_1_27' title="bbox 148 1966 858 2096; baseline -0.003 -26"><span class='ocrx_word' id='word_1_176' title='bbox 148 2018 222 2071; x_wconf 92' lang='lat' dir='ltr'>Dum</span> <span class='ocrx_word' id='word_1_177' title='bbox 233 1966 338 2071; x_wconf 55' lang='lat' dir='ltr'>AErtuna</span> <span class='ocrx_word' id='word_1_178' title='bbox 349 2018 416 2087; x_wconf 78' lang='lat' dir='ltr'>fuit5</span> <span class='ocrx_word' id='word_1_179' title='bbox 434 2018 551 2089; x_wconf 88' lang='lat' dir='ltr'>vincant,</span> <span class='ocrx_word' id='word_1_180' title='bbox 563 2036 631 2089; x_wconf 91' lang='lat' dir='ltr'>quos</span> <span class='ocrx_word' id='word_1_181' title='bbox 642 2019 750 2073; x_wconf 85' lang='lat' dir='ltr'>vincere</span> <span class='ocrx_word' id='word_1_182' title='bbox 762 2015 858 2096; x_wconf 74' lang='lat' dir='ltr'>mayis.</span> 
     </span>
    </p>

    <p class='ocr_par' dir='ltr' id='par_1_17' title="bbox 148 2086 870 2159">
     <span class='ocr_line' id='line_1_28' title="bbox 148 2086 870 2159; baseline 0 -20"><span class='ocrx_word' id='word_1_183' title='bbox 148 2086 176 2139; x_wconf 87' lang='lat' dir='ltr'>Si</span> <span class='ocrx_word' id='word_1_184' title='bbox 188 2087 262 2140; x_wconf 91' lang='lat' dir='ltr'>nulla</span> <span class='ocrx_word' id='word_1_185' title='bbox 274 2096 314 2141; x_wconf 86' lang='lat' dir='ltr'>eat</span> <span class='ocrx_word' id='word_1_186' title='bbox 327 2088 406 2157; x_wconf 83' lang='lat' dir='ltr'>regio,</span> <span class='ocrx_word' id='word_1_187' title='bbox 420 2088 533 2141; x_wconf 82' lang='lat' dir='ltr'>Teucris</span> <span class='ocrx_word' id='word_1_188' title='bbox 544 2105 627 2159; x_wconf 89' lang='lat' dir='ltr'>quam</span> <span class='ocrx_word' id='word_1_189' title='bbox 639 2089 685 2142; x_wconf 88' lang='lat' dir='ltr'>det</span> <span class='ocrx_word' id='word_1_190' title='bbox 697 2096 744 2141; x_wconf 85' lang='lat' dir='ltr'>tua</span> <span class='ocrx_word' id='word_1_191' title='bbox 753 2102 870 2157; x_wconf 69' lang='lat' dir='ltr'>conjunx</span> 
     </span>
    </p>

    <p class='ocr_par' dir='ltr' id='par_1_18' title="bbox 148 2155 999 2281">
     <span class='ocr_line' id='line_1_29' title="bbox 148 2155 999 2236; baseline -0.001 -27"><span class='ocrx_word' id='word_1_192' title='bbox 148 2156 229 2225; x_wconf 87' lang='lat' dir='ltr'>Dura,</span> <span class='ocrx_word' id='word_1_193' title='bbox 242 2174 290 2226; x_wconf 88' lang='lat' dir='ltr'>per</span> <span class='ocrx_word' id='word_1_194' title='bbox 301 2173 420 2226; x_wconf 87' lang='lat' dir='ltr'>eversae,</span> <span class='ocrx_word' id='word_1_195' title='bbox 433 2158 542 2236; x_wconf 78' lang='lat' dir='ltr'>genitor,</span> <span class='ocrx_word' id='word_1_196' title='bbox 556 2157 689 2211; x_wconf 81' lang='lat' dir='ltr'>fumantia</span> <span class='ocrx_word' id='word_1_197' title='bbox 700 2155 797 2226; x_wconf 83' lang='lat' dir='ltr'>Trojae</span> <span class='ocrx_word' id='word_1_198' title='bbox 964 2158 999 2208; x_wconf 79' lang='lat'>45</span> 
     </span>
     <span class='ocr_line' id='line_1_30' title="bbox 149 2225 792 2281; baseline 0 -4"><span class='ocrx_word' id='word_1_199' title='bbox 149 2225 263 2278; x_wconf 88' lang='lat' dir='ltr'>Excidia</span> <span class='ocrx_word' id='word_1_200' title='bbox 274 2225 405 2279; x_wconf 88' lang='lat' dir='ltr'>obtestor:</span> <span class='ocrx_word' id='word_1_201' title='bbox 425 2226 504 2279; x_wconf 85' lang='lat' dir='ltr'>hceat</span> <span class='ocrx_word' id='word_1_202' title='bbox 516 2227 652 2280; x_wconf 88' lang='lat' dir='ltr'>dimittere</span> <span class='ocrx_word' id='word_1_203' title='bbox 663 2225 698 2281; x_wconf 89' lang='lat' dir='ltr'>ab</span> <span class='ocrx_word' id='word_1_204' title='bbox 709 2226 792 2279; x_wconf 84' lang='lat' dir='ltr'>armis</span> 
     </span>
    </p>

    <p class='ocr_par' dir='ltr' id='par_1_19' title="bbox 147 2293 878 2433">
     <span class='ocr_line' id='line_1_31' title="bbox 148 2293 878 2365; baseline -0.003 -19"><span class='ocrx_word' id='word_1_205' title='bbox 148 2293 317 2347; x_wconf 86' lang='lat' dir='ltr'>Incolumom</span> <span class='ocrx_word' id='word_1_206' title='bbox 328 2296 483 2365; x_wconf 86' lang='lat' dir='ltr'>Ascanium,</span> <span class='ocrx_word' id='word_1_207' title='bbox 496 2295 577 2349; x_wconf 86' lang='lat' dir='ltr'>liceat</span> <span class='ocrx_word' id='word_1_208' title='bbox 589 2310 731 2365; x_wconf 85' lang='lat' dir='ltr'>superesse</span> <span class='ocrx_word' id='word_1_209' title='bbox 741 2300 878 2364; x_wconf 86' lang='lat' dir='ltr'>nepotem.</span> 
     </span>
     <span class='ocr_line' id='line_1_32' title="bbox 147 2362 706 2433; baseline 0.004 -18"><span class='ocrx_word' id='word_1_210' title='bbox 147 2364 257 2416; x_wconf 89' lang='lat' dir='ltr'>Aeneas</span> <span class='ocrx_word' id='word_1_211' title='bbox 268 2380 334 2415; x_wconf 88' lang='lat' dir='ltr'>sane</span> <span class='ocrx_word' id='word_1_212' title='bbox 346 2364 442 2431; x_wconf 87' lang='lat' dir='ltr'>ignotis</span> <span class='ocrx_word' id='word_1_213' title='bbox 452 2364 568 2433; x_wconf 85' lang='lat' dir='ltr'>jactetur</span> <span class='ocrx_word' id='word_1_214' title='bbox 579 2364 607 2416; x_wconf 92' lang='lat' dir='ltr'>in</span> <span class='ocrx_word' id='word_1_215' title='bbox 619 2362 706 2432; x_wconf 86' lang='lat' dir='ltr'>undis,</span> 
     </span>
    </p>

    <p class='ocr_par' dir='ltr' id='par_1_20' title="bbox 147 2431 896 2500">
     <span class='ocr_line' id='line_1_33' title="bbox 147 2431 896 2500; baseline 0 -17"><span class='ocrx_word' id='word_1_216' title='bbox 147 2431 191 2499; x_wconf 87' lang='lat' dir='ltr'>Et,</span> <span class='ocrx_word' id='word_1_217' title='bbox 205 2447 405 2500; x_wconf 87' lang='lat' dir='ltr'>quamcumque</span> <span class='ocrx_word' id='word_1_218' title='bbox 417 2433 489 2485; x_wconf 86' lang='lat' dir='ltr'>viam</span> <span class='ocrx_word' id='word_1_219' title='bbox 501 2431 606 2484; x_wconf 90' lang='lat' dir='ltr'>dederit</span> <span class='ocrx_word' id='word_1_220' title='bbox 618 2431 741 2499; x_wconf 86' lang='lat' dir='ltr'>Fortuna,</span> <span class='ocrx_word' id='word_1_221' title='bbox 754 2437 896 2498; x_wconf 84' lang='lat' dir='ltr'>sequatur:</span> 
     </span>
    </p>

    <p class='ocr_par' dir='ltr' id='par_1_21' title="bbox 145 2498 998 2706">
     <span class='ocr_line' id='line_1_34' title="bbox 146 2498 998 2568; baseline 0.002 -17"><span class='ocrx_word' id='word_1_222' title='bbox 146 2498 226 2551; x_wconf 86' lang='lat' dir='ltr'>Hunc</span> <span class='ocrx_word' id='word_1_223' title='bbox 237 2507 328 2567; x_wconf 86' lang='lat' dir='ltr'>tegere</span> <span class='ocrx_word' id='word_1_224' title='bbox 340 2507 368 2552; x_wconf 89' lang='lat' dir='ltr'>et</span> <span class='ocrx_word' id='word_1_225' title='bbox 380 2499 454 2551; x_wconf 87' lang='lat' dir='ltr'>dirae</span> <span class='ocrx_word' id='word_1_226' title='bbox 464 2500 569 2551; x_wconf 85' lang='lat' dir='ltr'>valeam</span> <span class='ocrx_word' id='word_1_227' title='bbox 581 2498 731 2553; x_wconf 85' lang='lat' dir='ltr'>subducere</span> <span class='ocrx_word' id='word_1_228' title='bbox 743 2514 858 2568; x_wconf 84' lang='lat' dir='ltr'>pugnae.</span> <span class='ocrx_word' id='word_1_229' title='bbox 964 2503 998 2553; x_wconf 73' lang='lat'>6⁰</span> 
     </span>
     <span class='ocr_line' id='line_1_35' title="bbox 146 2566 904 2638; baseline -0.001 -18"><span class='ocrx_word' id='word_1_230' title='bbox 146 2567 195 2620; x_wconf 85' lang='lat' dir='ltr'>Est</span> <span class='ocrx_word' id='word_1_231' title='bbox 207 2567 349 2637; x_wconf 88' lang='lat' dir='ltr'>Amathus,</span> <span class='ocrx_word' id='word_1_232' title='bbox 362 2575 403 2620; x_wconf 88' lang='lat' dir='ltr'>est</span> <span class='ocrx_word' id='word_1_233' title='bbox 415 2566 488 2621; x_wconf 89' lang='lat' dir='ltr'>celsa</span> <span class='ocrx_word' id='word_1_234' title='bbox 500 2566 608 2636; x_wconf 87' lang='lat' dir='ltr'>Paphus</span> <span class='ocrx_word' id='word_1_235' title='bbox 618 2576 700 2636; x_wconf 90' lang='lat' dir='ltr'>atque</span> <span class='ocrx_word' id='word_1_236' title='bbox 712 2567 768 2620; x_wconf 89' lang='lat' dir='ltr'>alta</span> <span class='ocrx_word' id='word_1_237' title='bbox 778 2566 904 2638; x_wconf 84' lang='lat' dir='ltr'>Cythera,</span> 
     </span>
     <span class='ocr_line' id='line_1_36' title="bbox 145 2635 767 2706; baseline 0 -17"><span class='ocrx_word' id='word_1_238' title='bbox 145 2636 302 2706; x_wconf 87' lang='lat' dir='ltr'>Idaliaeque</span> <span class='ocrx_word' id='word_1_239' title='bbox 313 2636 423 2690; x_wconf 89' lang='lat' dir='ltr'>domus:</span> <span class='ocrx_word' id='word_1_240' title='bbox 442 2635 536 2705; x_wconf 86' lang='lat' dir='ltr'>positis</span> <span class='ocrx_word' id='word_1_241' title='bbox 548 2636 674 2705; x_wconf 86' lang='lat' dir='ltr'>inglorius</span> <span class='ocrx_word' id='word_1_242' title='bbox 684 2637 767 2690; x_wconf 88' lang='lat' dir='ltr'>armis</span> 
     </span>
    </p>
   </div>
   <div class='ocr_carea' id='block_1_3' title="bbox 75 2736 997 2965">
    <p class='ocr_par' dir='ltr' id='par_1_22' title="bbox 75 2736 997 2965">
     <span class='ocr_line' id='line_1_37' title="bbox 107 2736 997 2799; baseline 0.002 -16"><span class='ocrx_word' id='word_1_243' title='bbox 107 2738 142 2784; x_wconf 83' lang='grc'>18.</span> <span class='ocrx_word' id='word_1_244' title='bbox 164 2737 185 2786; x_wconf 90' lang='lat' dir='ltr'><em>O</em></span> <span class='ocrx_word' id='word_1_245' title='bbox 196 2754 270 2788; x_wconf 84' lang='lat' dir='ltr'>never</span> <span class='ocrx_word' id='word_1_246' title='bbox 280 2738 368 2789; x_wconf 83' lang='lat' dir='ltr'>suffers</span> <span class='ocrx_word' id='word_1_247' title='bbox 379 2738 556 2788; x_wconf 69' lang='lat' dir='ltr'>albion-19.</span> <span class='ocrx_word' id='word_1_248' title='bbox 573 2738 658 2788; x_wconf 82' lang='lat' dir='ltr'>Vsum</span> <span class='ocrx_word' id='word_1_249' title='bbox 669 2738 713 2787; x_wconf 88' lang='lat' dir='ltr'>bas</span> <span class='ocrx_word' id='word_1_250' title='bbox 724 2754 756 2787; x_wconf 91' lang='lat' dir='ltr'>no</span> <span class='ocrx_word' id='word_1_251' title='bbox 766 2738 837 2787; x_wconf 90' lang='lat' dir='ltr'>other</span> <span class='ocrx_word' id='word_1_252' title='bbox 844 2736 929 2799; x_wconf 72' lang='lat' dir='ltr'>refuge</span> <span class='ocrx_word' id='word_1_253' title='bbox 936 2736 997 2785; x_wconf 82' lang='lat' dir='ltr'>thau</span> 
     </span>
     <span class='ocr_line' id='line_1_38' title="bbox 76 2792 995 2853; baseline 0.003 -12"><span class='ocrx_word' id='word_1_254' title='bbox 76 2792 262 2853; x_wconf 67' lang='lat' dir='ltr'>Jupiter-22.</span> <span class='ocrx_word' id='word_1_255' title='bbox 293 2798 384 2848; x_wconf 83' lang='lat' dir='ltr'>Marte.</span> <span class='ocrx_word' id='word_1_256' title='bbox 415 2798 463 2847; x_wconf 86' lang='lat' dir='ltr'>See</span> <span class='ocrx_word' id='word_1_257' title='bbox 483 2806 507 2847; x_wconf 88' lang='lat' dir='ltr'>at</span> <span class='ocrx_word' id='word_1_258' title='bbox 528 2798 552 2847; x_wconf 90' lang='lat' dir='ltr'>ii.</span> <span class='ocrx_word' id='word_1_259' title='bbox 573 2800 709 2847; x_wconf 73' lang='lat' dir='ltr'>eru-24.</span> <span class='ocrx_word' id='word_1_260' title='bbox 740 2797 886 2853; x_wconf 68' lang='lat' dir='ltr'>Moeram,</span> <span class='ocrx_word' id='word_1_261' title='bbox 903 2810 937 2845; x_wconf 81' lang='lat' dir='ltr'>sn</span> <span class='ocrx_word' id='word_1_262' title='bbox 955 2794 995 2845; x_wconf 87' lang='lat' dir='ltr'>old</span> 
     </span>
     <span class='ocr_line' id='line_1_39' title="bbox 75 2851 994 2965; baseline 0.003 -65"><span class='ocrx_word' id='word_1_263' title='bbox 75 2851 138 2921; x_wconf 78' lang='lat' dir='ltr'>form</span> <span class='ocrx_word' id='word_1_264' title='bbox 153 2855 182 2903; x_wconf 91' lang='lat' dir='ltr'>of</span> <span class='ocrx_word' id='word_1_265' title='bbox 192 2861 409 2907; x_wconf 79' lang='lat' dir='ltr'>murorum-28.</span> <span class='ocrx_word' id='word_1_266' title='bbox 441 2857 536 2965; x_wconf 46' lang='lat' dir='ltr'>sepner.</span> <span class='ocrx_word' id='word_1_267' title='bbox 568 2857 617 2906; x_wconf 85' lang='lat' dir='ltr'>See</span> <span class='ocrx_word' id='word_1_268' title='bbox 631 2858 730 2915; x_wconf 75' lang='lat' dir='ltr'>x‘a225,</span> <span class='ocrx_word' id='word_1_269' title='bbox 744 2858 793 2907; x_wconf 78' lang='lat' dir='ltr'>dae.</span> <span class='ocrx_word' id='word_1_270' title='bbox 823 2854 896 2918; x_wconf 77' lang='lat' dir='ltr'>Arpi,</span> <span class='ocrx_word' id='word_1_271' title='bbox 907 2870 937 2905; x_wconf 91' lang='lat' dir='ltr'>or</span> <span class='ocrx_word' id='word_1_272' title='bbox 945 2856 994 2903; x_wconf 88' lang='lat' dir='ltr'>Ar·</span> 
     </span>
    </p>
   </div>
   <div class='ocr_carea' id='block_1_4' title="bbox 74 2912 996 3017">
    <p class='ocr_par' dir='ltr' id='par_1_23' title="bbox 74 2912 996 3017">
     <span class='ocr_line' id='line_1_40' title="bbox 74 2912 996 3017; baseline 0.002 -56"><span class='ocrx_word' id='word_1_273' title='bbox 74 2925 129 3017; x_wconf 61' lang='lat' dir='ltr'>gpn</span> <span class='ocrx_word' id='word_1_274' title='bbox 146 2929 168 2970; x_wconf 88' lang='lat' dir='ltr'>a,</span> <span class='ocrx_word' id='word_1_275' title='bbox 178 2915 220 2965; x_wconf 89' lang='lat' dir='ltr'>the</span> <span class='ocrx_word' id='word_1_276' title='bbox 230 2917 282 2977; x_wconf 85' lang='lat' dir='ltr'>city</span> <span class='ocrx_word' id='word_1_277' title='bbox 292 2917 320 2965; x_wconf 85' lang='lat' dir='ltr'>os</span> <span class='ocrx_word' id='word_1_278' title='bbox 327 2917 445 2966; x_wconf 91' lang='lat' dir='ltr'>Diomede</span> <span class='ocrx_word' id='word_1_279' title='bbox 457 2924 465 2973; x_wconf 94' lang='lat'>(</span> <span class='ocrx_word' id='word_1_280' title='bbox 489 2918 591 2978; x_wconf 80' lang='lat' dir='ltr'>ydidee),</span> <span class='ocrx_word' id='word_1_281' title='bbox 599 2916 678 2967; x_wconf 89' lang='lat' dir='ltr'>called</span> <span class='ocrx_word' id='word_1_282' title='bbox 688 2917 777 2972; x_wconf 80' lang='lat' dir='ltr'>Aetoli,</span> <span class='ocrx_word' id='word_1_283' title='bbox 786 2918 890 2965; x_wconf 81' lang='lat' dir='ltr'>because</span> <span class='ocrx_word' id='word_1_284' title='bbox 900 2912 932 2963; x_wconf 81' lang='lat' dir='ltr'>hs</span> <span class='ocrx_word' id='word_1_285' title='bbox 942 2928 996 2963; x_wconf 73' lang='lat' dir='ltr'>vu</span> 
     </span>
    </p>
   </div>
   <div class='ocr_carea' id='block_1_5' title="bbox 143 2972 993 3037">
    <p class='ocr_par' dir='ltr' id='par_1_24' title="bbox 143 2972 993 3037">
     <span class='ocr_line' id='line_1_41' title="bbox 143 2972 993 3037; baseline 0.006 -18"><span class='ocrx_word' id='word_1_286' title='bbox 143 2974 234 3023; x_wconf 83' lang='lat' dir='ltr'>stolian</span> <span class='ocrx_word' id='word_1_287' title='bbox 249 2976 358 3034; x_wconf 87' lang='lat' dir='ltr'>descent,</span> <span class='ocrx_word' id='word_1_288' title='bbox 371 2976 431 3025; x_wconf 88' lang='lat' dir='ltr'>thou</span> <span class='ocrx_word' id='word_1_289' title='bbox 448 2975 465 3024; x_wconf 94' lang='lat' dir='ltr'>h</span> <span class='ocrx_word' id='word_1_290' title='bbox 481 2991 512 3024; x_wconf 90' lang='lat' dir='ltr'>an</span> <span class='ocrx_word' id='word_1_291' title='bbox 526 2976 621 3037; x_wconf 79' lang='lat' dir='ltr'>Argiva</span> <span class='ocrx_word' id='word_1_292' title='bbox 636 2976 786 3037; x_wconf 54' lang='grc' dir='ltr'>ἥκῃ-29.</span> <span class='ocrx_word' id='word_1_293' title='bbox 813 2972 901 3023; x_wconf 82' lang='lat' dir='ltr'>Vanus</span> <span class='ocrx_word' id='word_1_294' title='bbox 915 2972 993 3035; x_wconf 68' lang='lat' dir='ltr'>iudin-</span> 
     </span>
    </p>
   </div>
   <div class='ocr_carea' id='block_1_6' title="bbox 27 2992 994 3444">
    <p class='ocr_par' dir='ltr' id='par_1_25' title="bbox 27 2992 994 3444">
     <span class='ocr_line' id='line_1_42' title="bbox 75 2992 994 3104; baseline 0.005 -28"><span class='ocrx_word' id='word_1_295' title='bbox 75 3029 160 3098; x_wconf 74' lang='lat' dir='ltr'>nautly</span> <span class='ocrx_word' id='word_1_296' title='bbox 171 3034 316 3092; x_wconf 84' lang='lat' dir='ltr'>anticipatos</span> <span class='ocrx_word' id='word_1_297' title='bbox 331 3051 345 3083; x_wconf 87' lang='lat' dir='ltr'>a</span> <span class='ocrx_word' id='word_1_298' title='bbox 361 2992 452 3083; x_wconf 54' lang='lat' dir='ltr'>second</span> <span class='ocrx_word' id='word_1_299' title='bbox 463 3035 522 3083; x_wconf 88' lang='lat' dir='ltr'>time</span> <span class='ocrx_word' id='word_1_300' title='bbox 532 3035 706 3103; x_wconf 79' lang='lat' dir='ltr'>encountering</span> <span class='ocrx_word' id='word_1_301' title='bbox 716 3032 844 3104; x_wconf 77' lang='lat' dir='ltr'>Diomede.</span> <span class='ocrx_word' id='word_1_302' title='bbox 854 3030 906 3103; x_wconf 67' lang='lat' dir='ltr'>pud</span> <span class='ocrx_word' id='word_1_303' title='bbox 921 3032 994 3095; x_wconf 68' lang='lat' dir='ltr'>being</span> 
     </span>
     <span class='ocr_line' id='line_1_43' title="bbox 157 3090 994 3148; baseline 0.005 -11"><span class='ocrx_word' id='word_1_304' title='bbox 157 3092 285 3148; x_wconf 86' lang='lat' dir='ltr'>wounded,</span> <span class='ocrx_word' id='word_1_305' title='bbox 296 3109 323 3141; x_wconf 90' lang='lat' dir='ltr'>as</span> <span class='ocrx_word' id='word_1_306' title='bbox 334 3093 378 3141; x_wconf 88' lang='lat' dir='ltr'>she</span> <span class='ocrx_word' id='word_1_307' title='bbox 387 3109 438 3142; x_wconf 88' lang='lat' dir='ltr'>was</span> <span class='ocrx_word' id='word_1_308' title='bbox 449 3109 481 3142; x_wconf 92' lang='lat' dir='ltr'>on</span> <span class='ocrx_word' id='word_1_309' title='bbox 492 3093 534 3142; x_wconf 89' lang='lat' dir='ltr'>the</span> <span class='ocrx_word' id='word_1_310' title='bbox 544 3108 658 3142; x_wconf 83' lang='lat' dir='ltr'>occasion</span> <span class='ocrx_word' id='word_1_311' title='bbox 667 3092 807 3143; x_wconf 83' lang='lat' dir='ltr'>mentioned</span> <span class='ocrx_word' id='word_1_312' title='bbox 817 3100 842 3140; x_wconf 86' lang='lat' dir='ltr'>at</span> <span class='ocrx_word' id='word_1_313' title='bbox 852 3106 869 3139; x_wconf 87' lang='lat'>1.</span> <span class='ocrx_word' id='word_1_314' title='bbox 880 3094 919 3141; x_wconf 80' lang='grc'>97.</span> <span class='ocrx_word' id='word_1_315' title='bbox 945 3090 994 3141; x_wconf 73' lang='lat' dir='ltr'>aa·</span> 
     </span>
     <span class='ocr_line' id='line_1_44' title="bbox 143 3148 994 3215; baseline 0.006 -19"><span class='ocrx_word' id='word_1_316' title='bbox 143 3149 322 3200; x_wconf 63' lang='lat' dir='ltr'>rim-36.</span> <span class='ocrx_word' id='word_1_317' title='bbox 350 3152 397 3200; x_wconf 87' lang='lat' dir='ltr'>See</span> <span class='ocrx_word' id='word_1_318' title='bbox 409 3168 432 3200; x_wconf 87' lang='lat' dir='ltr'>v.</span> <span class='ocrx_word' id='word_1_319' title='bbox 443 3154 497 3208; x_wconf 85' lang='grc'>641,</span> <span class='ocrx_word' id='word_1_320' title='bbox 512 3152 561 3200; x_wconf 79' lang='lat' dir='ltr'>duc.</span> <span class='ocrx_word' id='word_1_321' title='bbox 591 3151 705 3215; x_wconf 71' lang='lat' dir='ltr'>Erycino.</span> <span class='ocrx_word' id='word_1_322' title='bbox 736 3153 784 3200; x_wconf 85' lang='lat' dir='ltr'>Sea</span> <span class='ocrx_word' id='word_1_323' title='bbox 799 3166 823 3211; x_wconf 84' lang='lat' dir='ltr'>p.</span> <span class='ocrx_word' id='word_1_324' title='bbox 836 3152 889 3207; x_wconf 69' lang='lat'>182,</span> <span class='ocrx_word' id='word_1_325' title='bbox 905 3148 994 3201; x_wconf 64' lang='lat' dir='ltr'>liud.</span> 
     </span>
     <span class='ocr_line' id='line_1_45' title="bbox 73 3208 993 3272; baseline 0.007 -17"><span class='ocrx_word' id='word_1_326' title='bbox 73 3209 149 3257; x_wconf 85' lang='grc'><strong>-37.</strong></span> <span class='ocrx_word' id='word_1_327' title='bbox 170 3208 349 3272; x_wconf 64' lang='lat' dir='ltr'>Paupertatem,</span> <span class='ocrx_word' id='word_1_328' title='bbox 368 3210 416 3259; x_wconf 75' lang='lat' dir='ltr'>dac.</span> <span class='ocrx_word' id='word_1_329' title='bbox 448 3210 495 3258; x_wconf 86' lang='lat' dir='ltr'>See</span> <span class='ocrx_word' id='word_1_330' title='bbox 511 3212 527 3259; x_wconf 87' lang='lat' dir='ltr'>i.</span> <span class='ocrx_word' id='word_1_331' title='bbox 543 3210 727 3267; x_wconf 55' lang='lat' dir='ltr'>duduc-38.</span> <span class='ocrx_word' id='word_1_332' title='bbox 758 3210 825 3259; x_wconf 71' lang='lat' dir='ltr'>Irim,</span> <span class='ocrx_word' id='word_1_333' title='bbox 856 3208 993 3261; x_wconf 68' lang='lat' dir='ltr'>Seserm</span> 
     </span>
     <span class='ocr_line' id='line_1_46' title="bbox 27 3266 990 3328; baseline 0.007 -16"><span class='ocrx_word' id='word_1_334' title='bbox 27 3296 30 3299; x_wconf 97' lang='lat'>-</span> <span class='ocrx_word' id='word_1_335' title='bbox 73 3266 415 3327; x_wconf 73' lang='lat' dir='ltr'>694,endix.1‚uc.-tt.</span> <span class='ocrx_word' id='word_1_336' title='bbox 446 3270 546 3318; x_wconf 74' lang='lat' dir='ltr'>Allecto,</span> <span class='ocrx_word' id='word_1_337' title='bbox 578 3269 747 3328; x_wconf 66' lang='lat' dir='ltr'>Saevates,</span> <span class='ocrx_word' id='word_1_338' title='bbox 760 3269 893 3319; x_wconf 76' lang='lat' dir='ltr'>dou-51.</span> <span class='ocrx_word' id='word_1_339' title='bbox 918 3268 990 3319; x_wconf 73' lang='grc' dir='ltr'>Διι</span> 
     </span>
     <span class='ocr_line' id='line_1_47' title="bbox 72 3325 992 3390; baseline 0.01 -18"><span class='ocrx_word' id='word_1_340' title='bbox 72 3325 136 3373; x_wconf 66' lang='lat' dir='ltr'>thu.</span> <span class='ocrx_word' id='word_1_341' title='bbox 167 3327 196 3376; x_wconf 91' lang='lat' dir='ltr'>ln</span> <span class='ocrx_word' id='word_1_342' title='bbox 212 3328 253 3377; x_wconf 88' lang='lat' dir='ltr'>the</span> <span class='ocrx_word' id='word_1_343' title='bbox 269 3328 342 3378; x_wconf 90' lang='lat' dir='ltr'>south</span> <span class='ocrx_word' id='word_1_344' title='bbox 358 3328 386 3376; x_wconf 83' lang='lat' dir='ltr'>of</span> <span class='ocrx_word' id='word_1_345' title='bbox 399 3328 504 3389; x_wconf 84' lang='lat' dir='ltr'>Cyprus.</span> <span class='ocrx_word' id='word_1_346' title='bbox 536 3328 645 3390; x_wconf 70' lang='lat' dir='ltr'>Papiae,</span> <span class='ocrx_word' id='word_1_347' title='bbox 657 3330 674 3377; x_wconf 89' lang='lat' dir='ltr'>i.</span> <span class='ocrx_word' id='word_1_348' title='bbox 690 3331 745 3387; x_wconf 75' lang='lat'>415,</span> <span class='ocrx_word' id='word_1_349' title='bbox 758 3332 798 3379; x_wconf 71' lang='lat' dir='ltr'>-us</span> <span class='ocrx_word' id='word_1_350' title='bbox 814 3328 849 3389; x_wconf 75' lang='lat' dir='ltr'>by</span> <span class='ocrx_word' id='word_1_351' title='bbox 862 3326 906 3377; x_wconf 84' lang='lat' dir='ltr'>the</span> <span class='ocrx_word' id='word_1_352' title='bbox 920 3328 992 3381; x_wconf 73' lang='lat' dir='ltr'>mis.</span> 
     </span>
     <span class='ocr_line' id='line_1_48' title="bbox 75 3380 629 3444; baseline 0.009 -15"><span class='ocrx_word' id='word_1_353' title='bbox 75 3380 184 3444; x_wconf 68' lang='lat' dir='ltr'>cyrtam,</span> <span class='ocrx_word' id='word_1_354' title='bbox 199 3387 214 3435; x_wconf 90' lang='lat' dir='ltr'>i.</span> <span class='ocrx_word' id='word_1_355' title='bbox 225 3391 359 3438; x_wconf 70' lang='lat' dir='ltr'>ssa-52.</span> <span class='ocrx_word' id='word_1_356' title='bbox 390 3387 528 3442; x_wconf 71' lang='lat' dir='ltr'>Idaliaeque</span> <span class='ocrx_word' id='word_1_357' title='bbox 548 3387 564 3436; x_wconf 90' lang='lat' dir='ltr'>i.</span> <span class='ocrx_word' id='word_1_358' title='bbox 575 3390 629 3435; x_wconf 85' lang='grc'><strong>681.</strong></span> 
     </span>
    </p>
   </div>
   <div class='ocr_carea' id='block_1_7' title="bbox 0 0 1044 3622">
    <p class='ocr_par' dir='ltr' id='par_1_26' title="bbox 0 0 1044 3622">
     <span class='ocr_line' id='line_1_49' title="bbox 0 0 1044 3622; baseline 0 1"><span class='ocrx_word' id='word_1_359' title='bbox 0 0 1044 3622; x_wconf 95' lang='lat' dir='ltr'> </span> 
     </span>
    </p>
   </div>
  </div>
 </body>
</html>
