2078 3622
65 122 123 179 008
446 134 605 177 sunalbus.

169 263 305 317 Massicus
316 273 407 318 aerata
418 264 543 335 princeps
554 268 628 314 secat
640 275 756 329 aequora
767 258 841 328 Tigri
847 276 856 341 q

134 333 188 386 Sub
201 351 252 402 quo
265 334 338 387 mille
350 350 446 387 manus
457 332 594 401 juvenum,
607 330 654 397 qui
666 330 772 382 moenia
784 329 865 399 Clusi,

135 402 241 473 Quique
253 404 348 456 urbem
360 404 461 472 liquere
474 402 569 467 Cosas:
588 399 647 466 quis
659 400 712 451 tela
725 399 835 466 sagittae

135 473 278 542 Corytiquc
291 473 365 524 leves
377 471 497 525 humoris
509 480 537 521 et
549 469 639 521 letifer
649 485 735 521 arcus.

134 541 195 594 Una
207 552 296 594 torvus
305 540 379 594 Abas
386 558 394 609 3
413 541 475 593 huic
489 547 574 591 toturn
587 538 733 605 insignibus
744 538 827 590 armis
934 542 982 593 170

134 613 240 678 Agmen
253 621 279 662 et
291 618 382 662 aurato
395 609 513 677 fulgebat
526 608 648 676 Apolline
661 607 764 676 puppis.

134 678 278 731 Sexcentos
290 678 327 730 illi
339 678 449 732 dederat
462 677 607 747 Populonia
619 686 704 729 mater

134 748 265 816 Expertes
276 748 340 800 belli
352 748 481 818 juvenes,
501 756 542 798 ast
555 746 612 799 llva
624 754 756 798 trecentos

135 816 232 885 Insula,
246 816 412 870 inexhaustis
424 815 575 895 Chalybum
587 831 716 883 generosa
728 815 851 869 metallis.

135 885 249 955 Tertius,
262 886 307 939 ille
319 886 458 939 hominurn
470 887 614 953 divomque
627 885 757 953 interpres
768 885 865 953 Asilas,
933 888 983 938 170

135 954 182 1007 Cui
195 955 330 1023 pecudum
343 956 433 1025 fibrae,
446 955 515 1009 coeli
528 954 571 1007 cui
583 954 670 1007 sidera
681 961 774 1022 parent

135 1024 170 1076 Et
182 1024 289 1093 linguae
301 1025 439 1077 volucrum
452 1036 479 1076 et
491 1024 612 1092 praesagi
623 1022 743 1076 fulminis
755 1022 837 1092 ignes,

134 1093 212 1145 Mille
225 1094 292 1163 rapit
303 1094 401 1147 densos
412 1094 471 1146 acie
482 1104 564 1161 atque
576 1092 743 1145 horrentibus
755 1091 846 1144 hastis.

134 1162 190 1215 Hos
202 1180 295 1232 parcre
306 1162 401 1231 jubent
413 1163 446 1216 Al
466 1162 535 1215 heae
547 1161 582 1214 ab
593 1160 694 1230 origine
708 1162 794 1229 Pisae,

134 1231 205 1285 Urbs
217 1234 330 1285 Etrusca
342 1233 405 1285 solo.
441 1180 565 1301 loquitur
575 1231 771 1301 pulcherrimus
782 1232 871 1300 Astur,
935 1234 983 1284 180

134 1301 216 1353 Astur
228 1318 297 1370 equo
309 1302 395 1354 fidens
407 1310 434 1354 et
446 1300 648 1354 versicoloribus
658 1300 748 1352 annis.

134 1369 188 1421 Ter
200 1380 308 1423 centurn
321 1371 563 1441 adjiciunt-mens
575 1370 700 1422 omnibus
711 1385 765 1421 una
777 1367 944 1437 sequendi,-

134 1437 186 1496 Qui
199 1440 311 1492 Caerete
323 1440 410 1519 domo,
424 1439 471 1509 qui
483 1448 544 1492 sunt
555 1439 684 1492 Minionis
695 1439 722 1490 in
734 1436 814 1507 arvis,

135 1507 170 1560 Et
183 1509 263 1577 Pyrgi
275 1517 388 1577 veteres,
401 1517 632 1578 rntempestaeque
644 1507 795 1561 Graviscae.

134 1576 194 1628 Non
207 1593 257 1644 ego
269 1585 304 1646 te,
318 1578 445 1645 Ligurum
457 1576 551 1629 ductor
562 1576 705 1629 fortissime
717 1575 796 1644 bello,
934 1581 982 1630 185

133 1645 303 1714 Transierim,
317 1647 421 1715 Cinyra,
435 1653 463 1698 et
474 1646 569 1714 paucis
580 1646 705 1699 comitate
718 1646 834 1714 Cupavo,

132 1713 214 1782 Cujus
226 1714 340 1766 olorinae
353 1723 464 1782 surgunt
475 1715 509 1766 de
522 1715 621 1767 vertice
633 1732 774 1784 pennae-

134 1783 240 1835 Crimen
254 1800 329 1836 amor
341 1783 652 1852 vestrum—formaeque
665 1785 768 1853 insigne
780 1793 916 1855 paternae.

134 1853 259 1921 Namque
272 1852 359 1906 lerunt
371 1852 445 1907 luctu
457 1855 579 1923 Cycnum
592 1853 764 1907 Phaethontis
775 1854 866 1923 amati,

134 1922 265 1990 Populeas
277 1924 345 1975 inter
357 1923 464 1976 frondes
476 1922 599 1977 umbram
619 1939 653 1976 ue
666 1940 784 1976 soromm
935 1929 983 1977 190

134 1992 205 2043 Dum
217 1992 287 2045 canit
299 2000 327 2045 et
338 2000 472 2046 moestum
483 1993 565 2046 Musa
577 1941 676 2046 solatur
686 2008 813 2063 amorem,

134 2060 280 2115 Canentem
293 2061 368 2114 molli
380 2061 472 2131 pluma
483 2062 593 2115 duxisse
604 2070 750 2131 senectam,

134 2129 313 2198 Linquentem
326 2138 409 2183 terras
421 2140 448 2184 et
461 2131 549 2184 sidera
560 2147 627 2184 vocs
639 2139 807 2201 sequentem.

133 2198 225 2268 Filius,
239 2200 359 2268 aequalis
370 2200 513 2254 comitatus
524 2200 612 2254 classe
623 2207 683 2254 cate

132 2267 274 2335 Ingentem
287 2270 368 2322 remis
380 2270 543 2324 Centaumm
554 2278 707 2350 promovet:
727 2270 737 2324 i
757 2286 774 2323 e
934 2274 983 2325 195

133 2336 216 2389 Instat
228 2354 323 2407 aquae,
338 2354 487 2407 saxumque
498 2338 579 2392 undis
590 2338 710 2392 immane
720 2340 837 2395 minatur

132 2404 247 2473 Arduus,
261 2414 289 2458 et
300 2406 379 2474 longa
391 2408 477 2462 sulcat
488 2409 572 2461 maria
583 2408 638 2460 alta
649 2408 749 2462 carina.

166 2472 215 2526 Ille
228 2475 310 2527 etiam
322 2476 414 2544 patriis
488 2493 522 2529 en
534 2477 587 2529 ciet
598 2477 689 2530 Ocnus
699 2478 735 2531 ab
746 2478 806 2549 oris,

132 2541 270 2596 Fatidicae
282 2544 394 2597 Mantus
405 2553 432 2597 et
487 2545 526 2597 sci
536 2545 608 2598 filius
619 2546 713 2617 amnis,

131 2612 184 2671 Qui
196 2630 286 2667 muros
297 2613 441 2684 matrisque
453 2613 529 2667 dedit
542 2614 597 2685 tibi,
609 2615 733 2686 Mantua,
745 2632 851 2686 nornen,
930 2622 981 2675 2⁰⁰

131 2682 253 2753 Mantua,
266 2682 344 2737 dives
355 2685 414 2737 avis
420 2701 429 2755 5
447 2684 496 2738 sed
508 2699 560 2739 non
571 2701 658 2754 genus
668 2684 792 2740 omnibus
802 2702 903 2743 unum:

92 2836 144 2881 166.
166 2834 243 2896 Tigri.
275 2834 322 2883 See
338 2844 363 2883 at
378 2851 403 2885 v.
416 2838 561 2884 116.-168.
582 2833 874 2897 Quis-quibus.-·l'll.

60 2893 122 2940 lam.
156 2893 205 2941 See
221 2904 245 2941 at
261 2896 311 2944 viii.
325 2897 474 2944 tan-186.
491 2894 554 2944 This
570 2908 673 2955 passage
688 2908 770 2944 seems
785 2902 908 2957 compa?

61 2953 117 3000 best
128 2953 241 3013 meaning
252 2962 277 3001 1ο
288 2956 319 3002 bs
331 2954 457 3003 extracted
468 2970 495 3001 as
507 2954 525 3001 it
535 2953 620 3003 stands
631 2969 711 3003 seems
722 2962 749 3003 tc
758 2955 799 3010 be.
809 2953 863 3003 that
874 2954 981 3017 Cium

61 3011 109 3060 and
121 3010 231 3070 Capeno,
244 3027 302 3061 sons
318 3014 346 3062 os
359 3013 467 3082 Cycnus,
481 3012 537 3061 who
548 3014 569 3061 is
579 3013 719 3062 mentioned
730 3014 756 3063 in
765 3014 892 3063 mnnectio
918 3010 987 3075 ffl-

61 3070 104 3118 the
117 3082 185 3128 story
196 3070 224 3117 ol
237 3070 365 3139 Phaethon
377 3072 461 3129 (Ovrd,
474 3070 535 3120 Met.
547 3088 572 3120 ιι.
584 3076 638 3129 369,
652 3071 719 3129 dach,
732 3072 772 3123 led
782 3070 825 3121 the
837 3072 980 3185 urgunt

61 3130 113 3200 and,
125 3144 190 3177 worc
206 3129 317 3199 on'therr
333 3140 410 3179 crests
426 3131 516 3199 swuns'
534 3130 650 3187 seathers,
664 3130 711 3179 and
726 3132 774 3181 had
784 3146 799 3179 a
809 3146 879 3183 swan
893 3148 922 3183 ss
960 3192 963 3197 Ι

60 3189 990 3321 011100111311111·ιιιῖἷῖὧῖἵέῗᾶἶένῗῖἐῖἰξῧῖἔῗίἶιῗέἕῖιῖὂέξῗως

60 3304 116 3355 love
128 3315 208 3363 (amor)
220 3308 256 3356 sor
267 3307 395 3357 Phaethon
412 3306 451 3355 lcd
467 3307 535 3355 thern
550 3316 577 3355 1ο
592 3322 702 3357 murmur
713 3315 817 3364 (mers)
827 3318 927 3371 agaim
936 3306 992 3367 ᾗ*
1004 3316 1009 3327 “

60 3363 135 3415 death
146 3369 179 3428 by
190 3368 206 3417 J
208 3369 310 3428 upiter's
321 3365 507 3423 thundcrbolts3
525 3366 573 3415 and
583 3366 661 3415 hence
671 3367 734 3416 their
745 3364 1007 3431 transsormstimi'·f;
1027 3370 1034 3435 ',
