2086 3622
447 173 541 214 arsuri
560 174 602 214 xi.
931 162 989 221 408

135 297 259 369 Bellator,
272 300 388 354 solidum
400 301 478 354 nodis
489 309 517 355 et
529 301 620 355 robore
632 309 715 370 cocto,

135 371 206 423 Huic
217 378 317 438 natam,
331 369 398 423 libro
410 380 437 423 et
450 370 563 424 silvestri
575 372 671 424 subere
683 370 813 440 clausam,

134 439 267 509 implicat,
280 449 360 508 atque
372 439 492 493 habilem
505 439 611 493 mediae
623 439 790 507 circumligat
803 441 914 510 hastae:
937 446 986 495 555

135 509 222 568 Quam
234 509 328 562 dextra
339 509 438 577 ingenti
452 510 551 561 librans
562 509 599 560 ita
610 509 646 562 ad
657 509 768 562 aethera
779 510 864 562 t'atur:

137 581 153 610 “
162 578 250 648 Alma,
264 579 312 631 tibi
324 579 401 646 hanc,
415 595 554 631 nemorum
566 577 671 644 cultrix,
685 578 795 632 Latonia
806 579 886 647 virgo,

135 649 198 716 lpse
210 657 285 717 pater
297 647 427 701 famulam
439 663 540 714 voveo,
561 655 606 699 tua
618 649 704 716 prima
716 664 763 716 per
774 665 854 700 aurae

134 717 202 769 Tela
215 726 309 769 tenens
321 715 435 784 supplex
447 716 550 768 hostem
564 715 639 783 fugit.
675 717 784 786 Accipe,
797 725 887 787 testor,

134 786 203 838 Diva
217 795 298 853 tuam,
312 802 381 854 quae
394 802 464 838 nunc
476 784 566 838 dubiis
578 786 751 839 committitur
762 786 862 839 aur·is.’²
934 793 986 840 560

137 855 215 922 Dixit,
230 863 257 907 et
268 855 383 907 adducto
395 862 544 907 contortum
556 854 652 907 hastile
665 854 763 907 lacerto

134 924 273 977 Immittit:
293 940 403 976 sonuere
415 924 521 991 undae;
540 923 660 992 rapidum
674 941 754 993 super
765 941 875 978 amnem

134 993 230 1046 Infelix
242 993 309 1061 fugit
321 992 350 1046 in
360 993 448 1062 jaculo
461 994 588 1046 stridente
601 992 723 1047 Camilla.

133 1065 170 1116 At
182 1063 316 1130 Metabus,
329 1079 427 1130 magna
438 1063 545 1132 propius
555 1062 611 1132 jam
624 1070 753 1131 urguente
765 1071 881 1136 caterva,

133 1132 186 1184 Dat
197 1148 258 1184 sese
271 1132 360 1200 fluvio,
373 1141 455 1199 atque
467 1131 573 1184 hastam
584 1149 648 1184 cum
660 1130 761 1199 virgine
773 1133 857 1185 victor
935 1137 985 1186 565

133 1201 276 1253 Gramineo
288 1201 387 1253 donum
400 1202 506 1253 Triviae
518 1201 553 1253 de
565 1201 668 1270 cespite
679 1200 764 1252 vellit.

132 1270 192 1322 Non
205 1270 282 1323 illum
295 1270 373 1322 tectis
384 1269 464 1339 ullae,
477 1286 529 1323 non
541 1270 684 1323 moenibus
694 1268 777 1323 urbes

133 1341 280 1408 Accepere,
295 1355 383 1408 neque
395 1339 453 1408 ipse
466 1355 562 1391 manus
573 1339 678 1391 feritate
690 1338 826 1392 dedisset:

133 1406 274 1460 Pastorum
285 1418 312 1461 et
325 1409 388 1461 solis
399 1408 489 1476 exegit
500 1409 637 1462 montibus
648 1425 755 1461 aevum.

131 1478 182 1530 Hic
194 1486 286 1530 natam
298 1478 325 1530 in
337 1478 428 1530 dumis
439 1478 559 1546 interque
571 1477 704 1530 horrentia
716 1477 799 1531 lustra
932 1483 983 1532 570

131 1547 295 1600 Armentalis
307 1563 394 1616 equae
406 1549 533 1601 mammis
544 1555 573 1600 et
584 1547 654 1600 lacte
666 1547 750 1600 lerino

130 1617 157 1669 N
159 1616 264 1686 utribat,
279 1617 379 1670 teneris
391 1616 553 1684 immulgens
565 1617 648 1670 ubera
661 1617 749 1670 labris.

131 1685 220 1754 thue
232 1687 335 1756 pedum
346 1686 442 1807 primis
453 1686 542 1739 infans
556 1687 667 1756 vestigia
678 1686 776 1756 plantis

131 1755 272 1824 Institerat,
285 1756 347 1824 jecu
358 1773 373 1807 o
385 1755 489 1825 palmas
500 1757 613 1810 armavit
624 1765 710 1824 scuto,

131 1825 291 1893 Spiculaque
304 1841 339 1877 ex
349 1825 461 1878 humero
473 1842 571 1893 parvae
583 1825 722 1895 suspendit
734 1833 762 1877 et
773 1841 876 1879 arcum.
931 1831 983 1880 575

131 1893 181 1944 Pro
193 1894 286 1946 crinali
298 1910 371 1963 auro,
384 1910 430 1962 pro
442 1894 537 1961 longae
549 1897 668 1962 tegmine
680 1894 776 1963 pallae,

129 1963 246 2029 Tigridis
258 1963 370 2014 exuviae
383 1979 430 2031 per
441 1963 549 2016 dorsum
562 1981 579 2015 a
591 1963 691 2015 vertice
704 1963 831 2032 pendent.

130 2032 197 2083 Tela
210 2048 289 2084 mauu
302 2031 356 2100 jam
370 2039 428 2084 tum
440 2041 530 2085 tenera
542 2032 656 2101 puerilia
669 2032 749 2100 torsit,

130 2101 165 2153 Et
177 2101 288 2154 lundam
301 2100 380 2154 tereti
391 2102 491 2154 circum
504 2110 583 2171 caput
596 2102 651 2169 egit
663 2101 778 2170 habens,

130 2171 365 2240 Strymoniamque
376 2188 479 2238 gruem,
491 2180 537 2222 aut
549 2171 642 2224 album
654 2170 753 2240 dejecit
765 2171 875 2225 olorem.
921 2177 982 2226 580

130 2240 235 2292 Multae
248 2241 320 2292 illam
334 2239 430 2292 frustra
442 2239 580 2311 Tyrrhena
591 2257 639 2310 per
651 2240 749 2310 oppida
761 2249 860 2295 matres

130 2310 262 2377 Optavere
274 2326 387 2378 nurum,
404 2309 461 2362 sola
472 2318 598 2362 contenta
611 2311 695 2363 Diana

129 2381 277 2432 Aeternum
290 2379 403 2433 telorum
415 2388 442 2431 et
454 2380 612 2447 virginitatis
623 2396 745 2432 amorem

129 2449 293 2502 Intemerata
304 2449 375 2502 colit.
411 2449 517 2501 Vellem
529 2449 601 2502 hand
614 2454 734 2519 correpta
745 2449 843 2502 suisset

128 2518 228 2570 Militia
242 2520 295 2586 tali,
308 2528 403 2572 conata
415 2519 547 2571 lacessere
559 2520 692 2572 Teucros:

128 2589 195 2639 Cara
205 2587 275 2641 mihi
286 2589 469 2658 comitumque
481 2589 548 2641 foret
561 2607 631 2642 nunc
642 2607 696 2642 una
708 2605 839 2641 mearum.

129 2657 228 2709 Verum
241 2675 299 2726 age,
313 2657 530 2725 quandoquidem
543 2658 605 2710 satis
617 2668 744 2724 urguetur
754 2657 868 2727 acerbis,

128 2725 240 2795 Labere,
253 2727 279 2778 N
280 2726 389 2794 ymphu,
402 2727 469 2794 polo,
483 2727 596 2794 finisque
608 2728 693 2778 invise
706 2727 820 2794 Latinos,

128 2795 223 2847 Tristis
235 2795 278 2848 ubi
291 2795 407 2846 infausto
419 2796 593 2847 committitur
604 2796 694 2847 omine
706 2811 804 2863 pugno.

127 2865 202 2916 Haec
214 2880 288 2944 cape,
302 2873 328 2916 et
340 2862 464 2916 ultricem
477 2863 600 2931 pharetra
611 2864 740 2932 deprome
752 2862 892 2931 sagittam:

127 2934 193 3003 Hac,
206 2949 371 3003 quicumque
383 2949 489 2985 sacrum
503 2933 604 2985 violarit
617 2934 727 2985 vulnere
739 2949 842 3003 corpus,

127 3004 193 3056 Tros
205 3003 329 3071 ltalusve,
344 3001 409 3054 mibi
422 3003 520 3071 pariter
531 3002 577 3054 det
589 3003 718 3070 sanguine
731 3019 838 3071 poenas.

127 3073 189 3125 Post
201 3089 251 3142 ego
264 3073 335 3125 nube
347 3088 414 3124 cava
426 3071 594 3124 miserandae
607 3088 703 3141 corpus
714 3081 742 3124 et
753 3087 830 3126 arma

56 3235 131 3296 being
146 3233 277 3295 purposely
287 3234 476 3292 abrupit-553.
497 3232 573 3287 Certo,
587 3231 880 3281 well-seasoned.-562.
897 3231 977 3280 Sonu-

56 3312 103 3350 ere,
121 3293 183 3341 from
200 3293 241 3341 tlre
259 3293 365 3353 sgituted
383 3291 523 3339 ain-566.
550 3291 646 3340 Donum
664 3291 768 3348 Triviae,
787 3289 874 3339 vowed
891 3297 976 3351 (soom,

55 3356 148 3464 550ἓόἓο
159 3360 216 3408 (me)
227 3351 312 3442 Diana.
344 3351 391 3400 See
408 3359 432 3399 et
449 3350 480 3399 ir.
492 3353 544 3400 609.
552 3353 642 3399 -580,
665 3351 871 3413 Strymoniamque
883 3366 976 3413 gruem,
