2086 3622
423 119 610 162 GRORGICOS'.

122 251 263 321 Hospitiis:
283 260 389 305 tantum
400 250 489 320 campi
500 248 581 319 jacet.
617 248 719 303 Omnia
730 268 834 309 oecum

122 322 310 377 Armentarius
321 320 386 373 Aser
397 322 460 389 agit,
474 331 631 389 tectumque
643 318 807 393 Laremque

122 397 259 461 Armaque
283 391 518 460 Amyclaeumque
546 406 646 442 canem
674 389 866 465 Cressamque
892 392 971 465 phaa-

193 474 276 514 tram:
933 464 973 515 ³45

122 534 182 586 Non
196 518 275 584 secus'
286 548 319 583 ac
331 531 423 600 patriis
434 545 498 582 acer
508 529 647 582 Romanus
659 528 688 582 iu
700 531 792 585 armis

123 604 224 672 injusto
237 601 287 654 sub
300 601 375 653 fasce
388 600 461 653 riam
473 616 537 652 cum
548 598 641 667 carpit,
655 606 684 650 et
696 598 772 653 hosti

124 677 195 726 Ante
208 681 394 740 exspectatum
442 670 501 721 sitis
512 676 564 720 stat
576 667 604 720 in
616 669 729 735 agmine
741 672 853 727 cestria

159 745 193 794 Ar
207 758 267 809 non,
280 758 334 809 qua
346 740 409 809 Scyt
431 740 472 791 iae
483 748 579 806 gentes
589 737 770 808 Maeotiaque
781 742 867 811 unda,

123 810 259 864 Turbidus
271 822 298 862 et
311 819 438 879 torquens
449 808 574 861 flaventis
584 807 675 860 Hister
686 825 798 879 arenas,
934 812 976 862 ³⁶0

123 882 237 949 Quaque
250 880 318 931 redit
331 880 453 932 medium
465 877 592 946 Rhodope
605 886 729 946 porrecta
741 880 796 933 sub
807 898 901 936 axem.

125 951 182 1003 Illic
195 949 288 1000 clausa
300 960 392 1001 tenent
405 948 518 1002 stabulis
529 956 725 1069 armentabpec
737 949 816 1003 ullae

126 1024 180 1073 Aut
193 1019 293 1070 herbae
306 1035 401 1086 campo
413 1028 550 1086 apparent,
563 1025 610 1069 aut
622 1034 652 1069 ar
689 1034 718 1069 re
730 1018 861 1074 frondes:

126 1089 178 1142 Sed
190 1088 261 1157 jacet
274 1087 418 1154 aggeribus
429 1087 517 1139 niveis
528 1086 650 1138 informis
661 1095 689 1139 et
700 1086 758 1140 alto

127 1161 209 1211 Terra
221 1158 283 1226 gelu
295 1158 357 1225 late,
370 1169 529 1226 septemque
541 1156 661 1221 adsurgit
673 1155 700 1209 in
714 1158 796 1211 ulnas
803 1175 815 1227 5
935 1163 977 1210 355

127 1230 240 1297 Semper
252 1226 349 1295 hiems,
364 1245 470 1296 semper
482 1227 614 1295 spirantes
626 1225 723 1293 frigora
735 1228 829 1281 Cauri.

128 1301 199 1352 Tum
211 1298 254 1352 Sol
266 1298 391 1368 pallentis
402 1295 474 1349 haud
487 1312 619 1365 umquam
630 1294 742 1348 discutit
753 1298 884 1353 umbras:

129 1371 188 1422 Nec
201 1386 265 1421 curn
278 1369 400 1420 invectus
411 1368 490 1436 equis
501 1365 587 1418 altum
599 1365 667 1433 petit
679 1365 800 1435 aethera,
814 1386 868 1422 nec
879 1386 941 1423 cum

128 1439 305 1506 Praecipitem
317 1437 418 1489 Oceani
431 1436 509 1489 rubro
522 1436 586 1487 lavit
598 1451 715 1503 aequore
727 1453 848 1491 currum.

128 1509 309 1559 Concrescunt
322 1506 427 1557 subitae
441 1505 557 1557 currenti
570 1504 597 1556 in
610 1504 724 1557 flumine
736 1516 856 1578 crustae,
937 1510 981 1559 360

128 1576 207 1629 Cnda
228 1591 261 1626 ue
272 1574 329 1642 jam
342 1584 415 1642 tergo
429 1574 540 1628 ferratos
552 1573 667 1626 sustinet
678 1573 760 1645 orbis,

128 1646 215 1713 Puppi
237 1661 268 1695 us
281 1643 325 1694 ilia
336 1644 420 1764 prius,
433 1644 532 1713 patulis
544 1660 615 1696 nuno
627 1640 734 1713 hospita
746 1645 893 1715 plaustris:

129 1718 256 1781 Aeraque
269 1711 334 1764 dissi
347 1714 404 1764 iunt
416 1713 503 1781 vulgo,
517 1722 662 1782 vestesque
674 1714 812 1781 rigescunt

129 1783 251 1851 Indutae‚
264 1782 434 1861 caeduntque
447 1783 588 1835 securibus
599 1780 711 1835 huruida
722 1783 796 1854 aina,

129 1854 165 1907 Et
177 1861 248 1905 totae
261 1851 374 1905 solidam
386 1870 413 1904 m
425 1852 542 1920 glaciem
554 1862 658 1904 vertere
670 1852 786 1907 lacunae
793 1871 802 1924 3
938 1858 984 1907 365

129 1923 260 1992 Stiriaque
274 1922 391 1991 impexis
403 1922 522 1974 induruit
534 1920 639 1974 horrida
651 1920 753 1976 barbis.

129 1994 236 2048 Interea
249 2002 302 2046 toto
314 2011 366 2045 non
380 1993 469 2045 secius
480 1998 543 2044 aire
556 1992 676 2059 ninguit3

130 2067 267 2118 Intereunt
280 2063 407 2134 pecudes,
421 2072 491 2116 stant
504 2060 666 2115 circumfusa
678 2062 782 2131 pruinis

130 2137 244 2205 Corpora
256 2152 354 2202 magna
366 2134 455 2201 boum,
469 2132 641 2200 consertoque
653 2132 762 2198 agmine
774 2132 851 2186 cerri

130 2206 247 2274 Torpent
260 2205 331 2256 mole
343 2221 421 2271 nova,
434 2212 460 2254 et
474 2202 588 2255 summis
599 2201 645 2253 vix
656 2201 783 2255 cornibus
795 2212 912 2258 exstant.
938 2206 987 2255 8ῑο

131 2275 187 2325 Hos
199 2290 249 2325 non
263 2272 394 2324 immissis
405 2271 525 2338 canibus,
540 2288 591 2323 non
603 2271 726 2323 cassibus
738 2270 803 2324 uilis

131 2342 284 2395 Punicaere
296 2341 398 2407 agitant
410 2339 523 2407 pavidos
535 2340 677 2392 formidine
688 2340 788 2409 pinnae
795 2358 804 2409 ;

132 2411 183 2464 Sed
197 2409 293 2461 frustra
304 2409 456 2530 oppositum
470 2410 607 2462 trudentes
618 2418 725 2479 pectore
737 2418 863 2465 montem

132 2480 291 2533 Comminus
303 2495 317 2529 o
339 2487 462 2530 truncant
474 2479 551 2547 ferro=
565 2481 736 2548 graviterque
748 2479 880 2534 rudentes

132 2548 260 2614 Caedunt,
273 2556 301 2598 et
313 2564 410 2616 magno
423 2547 486 2600 laeti
498 2549 614 2602 clamore
628 2558 771 2617 reportant.
939 2555 988 2603 375

132 2618 187 2687 Ipsi
199 2618 225 2669 in
239 2616 355 2669 defossis
367 2618 503 2688 specubus
518 2636 613 2672 secura
625 2619 742 2672 subalta

132 2689 191 2742 Otia
203 2696 286 2755 agunt
300 2698 376 2757 terra,
390 2699 571 2759 congestaque
583 2689 676 2742 robora
689 2700 813 2758 totasque

132 2757 286 2810 Advolrere
299 2758 365 2812 focis
377 2759 473 2831 ulmos,
487 2761 594 2831 ignique
606 2760 716 2812 dedere,

132 2828 183 2879 Hic
196 2837 303 2883 noctem
315 2829 378 2883 iudo
390 2832 499 2899 ducunt,
513 2841 540 2884 et
552 2830 648 2902 pocula
660 2830 723 2882 laeti

133 2897 277 2950 Fermento
289 2909 371 2968 atque
383 2904 470 2953 acidis
482 2903 619 2953 imitantur
631 2901 703 2952 vitea
715 2897 808 2951 sorbis.
940 2903 991 2953 380

132 2965 208 3016 Talis
220 2967 391 3034 Hyperboreo
403 2971 512 3036 Septem
525 2970 647 3038 subjecta
660 2970 737 3022 trioni

133 3036 209 3087 Gens
219 3033 323 3085 effrena
335 3038 421 3088 virum
434 3037 553 3104 Rhipaeo
566 3041 685 3091 tunditur
698 3041 777 3097 Euro,

135 3105 174 3158 Et
183 3101 320 3173 pecudum
332 3103 413 3156 fulvis
424 3105 529 3157 velatur
539 3123 649 3175 corpora
661 3108 736 3158 setis.

163 3175 195 3228 -Si
209 3172 255 3225 tibi
270 3171 391 3223 lanitium
404 3188 493 3239 curae,
506 3175 632 3241 primurn,
645 3191 741 3241 aspera
753 3175 822 3226 silva

94 3285 211 3352 asessasa.
227 3300 283 3350 The
294 3295 417 3356 shepberd
427 3296 503 3343 tribes
514 3294 543 3341 of
554 3295 609 3342 cold
626 3295 728 3353 Scythia
743 3267 993 3349 describes-Ym-

64 3364 274 3473 ffilDirections
290 3374 316 3409 to
332 3359 404 3408 those
414 3356 472 3405 who
488 3354 605 3403 cultivate
620 3354 698 3414 sheep
715 3354 809 3403 sortire
827 3354 889 3402 sake
906 3360 934 3407 oi
948 3360 993 3410 the
