2078 3622
453 172 613 213 AENElDCS.

137 302 282 371 lnspoliata
293 301 379 355 feram
392 300 501 369 tumulo,
515 300 669 369 patriaeque
682 298 826 369 reponam)

138 373 226 439 Dixit,
244 380 271 423 at
285 372 329 423 illa
341 370 408 423 levis
419 370 487 422 coeli
499 369 610 437 delapsa
622 386 670 439 per
680 384 759 421 auras
938 374 990 423 595

138 442 265 510 Insonuit,
279 442 352 507 nigro
364 438 529 492 circumdata
541 438 646 491 turbine
658 454 761 506 corpus

172 514 208 563 At
220 526 317 562 manus
329 510 430 560 interea
442 510 526 560 muris
536 506 651 576 'l'rojana
662 506 822 575 propinquat

138 579 297 657 Etruscique
309 578 393 630 duces
404 579 580 645 equitumque
592 577 726 628 exercitus
736 577 832 644 omnis,

137 648 282 715 commati
295 663 405 699 numero
418 648 445 698 in
457 657 565 699 turmas.
603 644 703 698 Fremit
715 662 829 713 aequore
842 654 896 698 toto

138 717 270 769 Insultans
283 718 396 785 sonipes,
410 724 436 767 et
448 717 547 785 pressis
558 723 658 784 pugnat
670 714 792 781 habenis,
936 720 988 767 600

137 786 197 837 l=luc
209 786 338 839 obversus
349 796 376 837 et
389 786 442 837 huc
450 802 458 853 3
477 795 533 837 turn
546 784 600 836 late
613 784 715 836 ferreus
728 783 813 855 hastis

136 854 231 907 Horret
242 871 313 923 ager,
326 856 469 922 campique
480 854 562 906 armis
573 853 732 905 sublimibus
743 852 847 905 ardent.

136 924 196 977 Neo
208 940 258 976 non
272 924 416 991 Messapus
426 932 517 975 contra
528 922 684 990 celeresque
696 922 781 974 Latini

137 994 171 1046 Et
183 1010 245 1045 oum
259 994 337 1045 fratre
349 994 431 1044 Coras
441 1002 468 1045 et
480 992 588 1059 virginis
599 991 642 1043 ala
654 991 783 1043 Camillae

136 1062 251 1115 Adversi
263 1078 360 1131 campo
370 1070 506 1130 apparent,
519 1060 664 1129 hastasque
677 1060 794 1113 reductis
933 1065 985 1114 605

136 1131 300 1183 Protendunt
313 1133 390 1199 longo
404 1131 511 1200 dextris,
525 1139 552 1181 et
564 1129 668 1199 spicula
680 1129 783 1182 vibrant
791 1146 799 1197 3

136 1200 330 1269 Adventusque
342 1202 428 1252 virum
441 1200 617 1268 fremitusque
630 1198 745 1252 ardescit
757 1215 898 1267 equorum.

135 1270 251 1339 Jamque
264 1270 332 1322 intra
342 1269 442 1339 jactum
456 1269 504 1322 teli
515 1285 670 1338 progressus
682 1277 793 1337 uterque

135 1339 308 1391 Constiterat:
328 1340 415 1392 subito
427 1347 571 1407 erumpunt
583 1338 708 1407 clamore,
722 1337 887 1407 furentisque

135 1407 315 1461 Exhortantur
326 1424 409 1477 equos
416 1424 423 1476 ;
442 1407 556 1460 fundunt
568 1406 650 1461 simul
661 1407 780 1477 undique
792 1406 854 1477 tela,
935 1412 985 1460 610

136 1478 241 1546 Crebra,
255 1478 324 1530 nivis
336 1480 394 1546 rita,
408 1478 568 1546 coelumque
580 1477 714 1530 obtexitur
726 1476 830 1529 umbra.

135 1546 264 1599 Continuo
276 1547 396 1599 adversis
407 1546 562 1615 Tyrrhenus
575 1556 602 1598 et
612 1563 676 1599 acer
687 1549 824 1600 Aconteus

135 1616 245 1667 Connixi
257 1616 391 1667 incurrunt
403 1616 495 1683 hastis,
508 1616 640 1685 primique
653 1616 757 1668 ruinam

136 1684 205 1735 Dant
218 1684 304 1735 sonitu
317 1684 425 1752 ingenti,
438 1684 624 1753 perfractaque
635 1684 888 1755 quadrupedantum

136 1752 247 1804 Pectora
258 1753 410 1821 pectoribus
422 1762 562 1823 rumpunt,
580 1770 710 1807 excussus
721 1756 858 1808 Aconteus
934 1758 985 1807 615

136 1821 269 1874 Fulminis
280 1822 307 1874 in
319 1839 422 1875 morem
433 1832 480 1875 aut
492 1831 623 1876 tormento
634 1823 759 1893 ponderis
769 1822 831 1893 acti,

136 1891 297 1960 Praecipitat
309 1891 394 1960 longe,
408 1901 435 1943 et
447 1894 531 1945 vitam
542 1893 671 1962 dispergit
684 1894 710 1944 in
723 1908 810 1945 auras

136 1960 279 2030 Extemplo
291 1961 411 2014 turbatae
423 1963 504 2031 acies,
518 1964 642 2032 versique
654 1962 741 2016 Latini

135 2028 269 2098 Rejiciunt
282 2047 389 2098 parmas
399 2039 427 2083 et
439 2048 524 2099 equos
534 2032 569 2084 ad
582 2032 688 2084 moenia
700 2038 816 2083 vertunt.

136 2099 220 2151 Tro'e's
231 2108 330 2168 agunt;
349 2100 474 2169 princeps
486 2110 587 2153 turmas
598 2100 699 2153 inducit
711 2100 809 2153 Asilas.
935 2103 986 2151 620

134 2168 250 2237 Jamque
262 2169 472 2237 propinquabant
484 2170 572 2239 portis,
586 2186 728 2239 rursusqua
740 2168 829 2221 Latini

135 2237 286 2290 Clamorem
298 2238 400 2306 tollunt,
414 2245 442 2290 et
453 2239 546 2290 mollia
556 2239 625 2291 colla
637 2240 792 2291 reflectunt:

134 2306 168 2358 Hi
181 2306 292 2377 fugiunt,
306 2307 467 2376 penitusque
478 2307 548 2360 detis
559 2308 708 2361 referuntur
718 2306 840 2361 habenis.

135 2375 229 2432 Qualis
240 2377 287 2429 ubi
299 2376 400 2429 alterno
412 2393 568 2445 procurrens
578 2377 681 2445 gurgite
693 2384 790 2447 pontus

134 2445 215 2496 Nunc
227 2445 278 2496 ruit
289 2446 323 2497 ad
336 2454 443 2514 terram,
457 2446 632 2514 scopulosque
645 2463 675 2498 sn
696 2445 790 2515 erjeoit
802 2444 875 2499 unda
934 2449 985 2498 625

135 2512 274 2581 Spumeus,
288 2522 491 2582 extremamque
503 2516 561 2567 sinu
575 2462 710 2583 perfundit
721 2530 847 2583 arenam3

134 2582 214 2635 Nunc
226 2583 335 2651 rapidus
347 2591 414 2634 retro
425 2591 505 2651 atque
517 2593 594 2635 aestu
606 2583 726 2637 revoluta
737 2584 877 2639 resorbens

135 2651 205 2705 Saxa
215 2651 291 2720 fugit,
305 2652 421 2722 litusque
433 2652 502 2704 vado
514 2653 621 2706 labente
633 2653 766 2723 relinquit.

136 2721 180 2774 Bis
192 2722 272 2775 Tusci
284 2722 396 2775 Rutulos
407 2738 487 2789 egere
498 2723 534 2775 ad
546 2723 653 2776 moenia
663 2738 755 2775 versos
762 2740 771 2793 5

136 2790 181 2842 Bis
193 2790 286 2860 rejecti
297 2793 379 2844 armis
391 2800 542 2861 respectant
552 2800 627 2860 terga
639 2800 770 2861 tegentes.
936 2794 986 2845 630

136 2860 225 2912 Tertia
237 2860 286 2914 sed
298 2870 441 2930 postquam
451 2862 587 2929 congressi
598 2864 625 2914 in
637 2862 738 2931 proelia
750 2868 820 2914 totas

137 2928 297 2997 Implicuere
310 2932 419 2983 interae
431 2932 510 2999 acies,
525 2931 643 3000 legitque
656 2932 743 2983 virum
754 2930 809 2983 vir:

136 2998 206 3050 Tum
219 3016 281 3051 vero
294 3008 321 3051 et
332 3001 451 3068 gemitus
463 3001 633 3069 morientum,
647 3011 675 3053 et
687 3000 818 3069 sanguine
829 2998 858 3053 in
868 2998 924 3055 alto

135 3068 273 3136 Antraque
285 3084 447 3138 corporaque
459 3078 487 3121 et
498 3070 623 3138 permixti
634 3068 719 3123 caede
731 3070 849 3123 virorum

67 3174 207 3183 ——-—-.
227 3177 241 3182 .-
613 3178 709 3184 —-—

72 3276 78 3288 Ι
96 3218 148 3264 604.
164 3215 271 3285 thtser
288 3216 329 3283 vii.
346 3219 499 3266 cta-608.
519 3215 623 3278 {sterque
637 3216 866 3287 exercitus-609.
881 3214 986 3267 Furat·

66 3274 650 3442 {ffallffillull⁰lii³ll⁰llfmif⁴lio⁶2l²
660 3276 985 3395 ditmtqd‘ttattttu

122 3407 170 3450 ers,
183 3410 199 3440 u
233 3411 278 3441 om.
