2086 3622
432 174 523 213 Ltaun
545 176 585 213 lX.

123 302 218 358 Exitio.
255 303 356 354 Passim
370 318 462 355 somno
474 303 588 371 vinoque
601 318 648 372 per
660 303 772 355 herbam

122 375 234 441 Corpora
246 372 307 423 fusa
319 371 417 440 vident,
431 380 546 424 arrectos
558 372 632 423 litore
645 389 744 438 currus,

121 442 193 494 Inter
205 440 259 492 lora
272 448 394 509 rotasque
407 443 483 509 viros,
497 441 577 492 simul
590 458 664 492 arma
675 440 772 509 jacere,

120 510 190 562 Vina
202 509 292 562 simul.
329 510 402 561 Prior
414 510 575 578 Hyrtacides
587 511 627 561 sic
639 526 683 560 ore
696 510 814 562 locutus:

124 579 263 648 ‘Euryale,
276 578 430 631 audendum
444 579 538 630 dextra
546 595 553 646 3
572 596 643 630 nuno
655 579 713 647 ipsa
725 588 802 631 vocat
815 595 866 630 res.
920 580 968 628 32(

121 649 180 700 Hao
193 649 242 700 iter
254 658 303 699 est.
339 649 389 716 Tu,
403 666 436 700 ne
449 665 502 715 qua
515 665 651 699 manasse
664 647 785 700 attollere
798 648 875 700 nobis

122 720 146 769 A
159 726 232 784 tergo
244 716 335 785 possit,
350 717 453 768 custodi
465 724 492 767 et
505 716 613 768 consule
626 717 719 785 longe,

121 787 196 838 Haeo
209 802 258 852 ego
272 794 347 836 vasta
359 785 436 854 daha,
450 793 477 836 et
489 785 542 838 lato
555 793 582 836 te
595 785 680 837 limite
693 786 811 838 ducam.l

122 854 165 907 Sic
178 863 316 923 memorat,
329 870 478 923 vocemque
490 854 601 922 premit,
621 853 701 906 simul
713 871 778 906 ense
790 852 938 924 superbum

121 923 300 977 Rhamnetem
313 922 471 991 aggreditur,
486 925 530 992 qui
543 922 610 975 sorte
623 924 758 992 tapetibus
768 923 831 976 altis
922 923 972 973 325

123 994 281 1046 Exstruotus
293 1001 346 1045 toto
358 992 487 1060 proflabat
499 1002 606 1062 pectore
618 1009 751 1062 somnum,

122 1063 180 1115 Rex
193 1061 274 1131 idem,
289 1070 316 1114 et
328 1062 384 1128 regi
396 1062 484 1113 Turno
497 1062 666 1129 gratissimus
677 1077 777 1131 angur3

123 1130 175 1182 Sed
188 1146 239 1181 non
251 1130 360 1196 augurio
373 1131 457 1198 potuit
470 1130 605 1198 depellere
617 1137 732 1199 pestem.
825 1146 839 1155 ··

123 1199 183 1251 Tris
193 1199 271 1267 juxta
282 1199 398 1251 famulos
410 1206 514 1251 temere
528 1199 596 1251 inter
608 1199 662 1251 tela
673 1198 790 1267 jacentis

123 1269 346 1336 Armigerumque
359 1268 435 1320 Remi
448 1267 545 1336 premit
556 1268 730 1336 aurigamque
742 1267 793 1320 sub
805 1265 870 1337 ipsis
922 1268 973 1317 330

123 1338 226 1390 Nactus
238 1337 321 1405 equis,
335 1335 458 1404 ferroque
471 1344 545 1387 secat
557 1337 700 1405 pendentia
712 1335 794 1405 oolla3

123 1407 195 1457 Tum
207 1413 287 1474 caput
300 1405 351 1474 ipsi
363 1405 450 1458 aufert
462 1405 576 1474 domino,
591 1414 767 1474 truncumque
780 1404 904 1474 relinquit

124 1475 257 1542 Sanguine
269 1474 475 1542 singultantem
493 1483 549 1526 atro
562 1474 696 1542 tepefacta
708 1491 800 1526 cruore

121 1542 203 1595 Terra
216 1543 316 1612 torique
328 1544 446 1596 madent.
467 1545 526 1596 Neo
535 1560 588 1595 non
596 1544 796 1614 Lamyrumque
805 1543 973 1610 Lamumque

125 1613 159 1666 Et
170 1611 298 1682 juvenem
312 1613 460 1682 Serranum,
474 1612 521 1665 illa
533 1613 579 1681 qui
591 1612 707 1681 plurima
720 1622 798 1666 noote
923 1615 973 1663 335

125 1683 244 1749 Luserat,
258 1681 370 1751 insignia
382 1682 459 1750 facie,
473 1682 610 1751 multoque
622 1681 730 1750 jacebat

124 1751 251 1803 Membra
263 1751 314 1802 deo
328 1752 430 1819 vietus,
449 1751 520 1820 felix,
535 1753 556 1803 si
568 1752 687 1820 protinus
698 1750 774 1803 illum

126 1822 277 1887 Aequasset
290 1821 361 1872 noeti
372 1819 466 1872 ludum
479 1820 506 1872 in
519 1820 663 1888 lucemque
677 1819 789 1872 tulisset.

125 1890 259 1956 Impastus
271 1904 321 1940 oeu
334 1888 414 1958 plena
426 1888 467 1940 leo
479 1905 527 1958 per
538 1888 617 1940 ovilia
629 1889 773 1941 turbans-

126 1956 225 2009 Suadet
237 1956 309 2009 enim
321 1973 422 2009 vesana
432 1957 710 2026 fames-manditque
723 1956 856 2027 trahitque
925 1959 975 2008 alo

126 2025 211 2078 Molle
223 2042 306 2094 pecus
317 2033 477 2095 mutumque
489 2034 580 2094 metu3
599 2025 688 2078 fremit
701 2043 745 2078 ore
758 2033 876 2088 cruento.

126 2096 185 2147 Nec
197 2095 282 2147 minor
294 2095 350 2147 Eur
369 2094 404 2146 ali
417 2095 530 2163 oaedee3
549 2095 673 2147 incensus
686 2103 713 2146 et
726 2096 783 2165 ipse

127 2163 247 2233 Periurit,
260 2180 293 2216 ao
305 2112 420 2216 multam
433 2164 458 2216 in
472 2164 561 2217 medio
573 2163 631 2216 sine
644 2165 751 2217 nomine
763 2163 881 2234 plebem,

127 2233 286 2302 Fadumque
298 2233 502 2302 Herbesumque
515 2233 588 2286 subit
603 2233 789 2302 Rhoetumque
801 2232 975 2300 Abarimque,

126 2302 235 2370 ignaros
243 2319 250 2370 5
268 2300 402 2357 Rhoetum
414 2303 569 2371 vigilantem
583 2311 609 2355 et
622 2312 717 2355 cuneta
729 2302 882 2372 videntem;
926 2305 976 2353 345

127 2371 180 2424 Sed
191 2388 320 2440 magnum
332 2381 456 2425 metuens
468 2389 498 2424 se
509 2380 567 2442 post
580 2380 682 2424 cratera
694 2371 819 2440 tegebat:

127 2441 237 2494 Pectore
250 2441 277 2493 in
289 2441 402 2494 adverso
418 2448 502 2495 totum
515 2443 558 2494 oui
571 2442 723 2495 comminus
736 2458 831 2494 ensem

127 2510 248 2563 Condidit
261 2511 418 2579 assurgenti,
431 2519 458 2564 et
470 2512 555 2564 multa
568 2519 652 2564 morte
666 2511 775 2580 recepit.

127 2580 290 2647 Purpuream
301 2580 385 2634 vomit
396 2580 441 2632 ille
453 2581 580 2649 animam,
594 2591 621 2632 et
633 2598 696 2633 cum
709 2579 838 2646 sanguine
851 2578 935 2632 mixta

126 2647 197 2700 Vina
209 2647 289 2700 refert
302 2649 433 2717 moriens,
452 2648 496 2701 hio
508 2649 577 2701 furto
590 2649 708 2701 fervidus
720 2650 809 2701 instat.
928 2650 977 2697 350

126 2717 241 2784 Jamque
253 2716 287 2768 ad
299 2716 420 2785 Messapi
432 2719 517 2769 socios
528 2717 671 2785 tendebat,
690 2717 728 2769 ibi
743 2718 833 2784 ignem

126 2785 249 2837 Deficere
261 2794 410 2838 extremum
424 2794 451 2838 et
463 2786 587 2853 religatos
599 2785 770 2838 ritevidebat
789 2802 801 2806 ”
854 2846 856 2851 Ι

40 2880 43 2885 ·
127 2855 241 2924 Carpere
253 2861 363 2922 gramen
376 2871 474 2922 equos:
495 2855 610 2907 breviter
621 2872 684 2907 cum
697 2854 761 2907 talia
772 2854 891 2906 Nisus-

127 2923 214 2976 Sensit
227 2924 299 2976 enim
311 2924 395 2976 nimia
407 2923 492 2976 caede
503 2933 584 2992 atque
597 2924 722 2992 cupitline
735 2923 832 2975 ferri-

129 2993 332 3061 ‘Absistamus,'
345 2993 397 3061 ait,
418 2995 492 3045 ‘nam
506 2993 553 3046 lux
564 2992 672 3045 inimica
684 2992 850 3063 propinquat.
929 2995 977 3044 355

87 3124 139 3170 319.
157 3121 312 3184 Hyrtacides.
345 3121 391 3168 Soc
405 3124 553 3170 lta-329.
570 3120 655 3178 Jonas,
673 3137 731 3169 near
747 3122 977 3170 Rhamnes-337.

57 3179 166 3231 Metubra
177 3182 264 3236 uictus,
279 3180 320 3228 the
332 3181 469 3228 accusative
481 3180 509 3227 ol
516 3181 653 3229 limitation.
661 3184 749 3230 -347,
770 3182 823 3228 Cui.
852 3179 899 3226 See
910 3189 935 3226 at
945 3179 977 3228 vi.

58 3240 110 3289 473.
118 3240 211 3287 -349,
229 3239 302 3286 Maru
312 3240 353 3287 the
363 3242 551 3295 contram-ille,
563 3240 689 3297 Rhoetus;
702 3243 746 3295 hic,
757 3238 978 3298 Euryalus-352.

56 3296 197 3349 Euserium
211 3314 293 3346 seems
305 3309 330 3346 to
342 3299 412 3346 mark
428 3299 480 3346 that
497 3299 582 3347 Messa
601 3315 629 3347 us
641 3315 692 3346 was
703 3315 734 3346 on
747 3299 787 3345 the
804 3307 874 3346 outer
884 3310 937 3356 part
949 3296 978 3344 os

57 3354 265 3475 wlmslreming
280 3357 348 3464 hoassst2
376 3358 493 3415 Sceuae,
511 3359 559 3415 vic,
607 3361 723 3406 0.·-354,
741 3359 824 3407 Sensit
843 3355 978 3418 Euryalum

90 3452 96 3463 .
198 3427 246 3464 eat
259 3432 289 3464 ιν.
350 3453 354 3464 .

70 3478 197 3551 „ao
