2086 3622
384 183 477 224 crena
497 181 551 225 xrr.
862 176 918 234 421

72 312 212 382 Diripuere
225 330 284 366 aras
292 329 300 383 3
319 321 339 366 rt
352 321 405 367 toto
419 313 524 367 turbida
537 313 612 366 coelo

73 383 232 452 Tempestas
245 383 366 452 telorum,
379 401 412 436 ac
425 385 527 435 ferreus
540 384 635 451 ingruit
648 383 733 435 imber
741 399 748 450 3

72 452 247 523 craterasque
260 453 494 522 focosque·ferunt.
532 453 611 520 Fugit
624 453 681 522 ipse
695 453 804 505 Latinus
872 456 920 505 285

72 521 194 574 Pulsatos
206 522 324 575 reserens
336 523 434 575 inlecto
447 521 554 574 loedere
567 522 650 574 divos.

71 590 209 644 Infrenant
221 591 267 644 alii
280 609 380 661 currus,
394 601 439 643 aut
452 607 560 659 corpora
573 591 642 643 saltu

72 659 221 730 Subjiciunt
234 661 260 714 in
274 678 364 730 equos,
379 674 405 712 et
419 661 515 712 strictis
527 660 637 713 ensibus
648 660 754 713 adsunt.

71 729 216 799 Messapus
230 747 327 798 regern,
343 731 464 799 regisque
477 730 581 796 insigne
593 737 739 799 gerentem,

71 798 240 866 Tyrrhenum
253 799 391 868 Aulesten,
404 799 501 851 avidus
512 788 675 850 confundere
688 799 791 870 foedus,
871 802 921 850 290

71 867 192 920 Adverso
204 878 332 938 proterret
345 885 414 938 equo
421 885 429 937 3
450 869 499 920 ruit
512 868 558 921 ¹ulle
573 867 710 938 recedens,

74 937 108 989 Et
121 938 202 990 miser
214 939 340 1008 oppositis
351 956 368 990 a
380 947 453 1006 tergo
465 937 607 990 involvitur
618 937 671 989 aris

70 1005 100 1058 ln
113 1018 193 1077 caput
206 1007 285 1076 inque
298 1008 433 1060 humeros.
470 1012 506 1061 At
519 1006 638 1059 fervidus
649 1005 755 1060 advolat
768 1007 845 1060 hasta

70 1075 222 1145 Messapus
237 1077 343 1146 teloque
356 1087 475 1129 orantem
487 1077 573 1129 multa
586 1076 680 1128 trabali

70 1145 192 1214 Desuper·
203 1146 274 1198 altus
287 1163 355 1215 equo
367 1146 483 1215 graviter
495 1146 563 1215 ierit,
577 1154 656 1214 atque
669 1145 707 1196 ita
718 1145 804 1197 satur:
870 1148 919 1197 295

72 1214 145 1266 ‘Hoc
157 1214 254 1282 habet3
273 1215 341 1267 haec
353 1216 447 1268 melior
458 1215 565 1282 magnis
577 1215 640 1266 data
652 1214 762 1267 victima
773 1213 861 1283 divis!

70 1284 232 1336 Concurrunt
245 1284 310 1352 Itali,
325 1285 491 1354 spoliantque
503 1284 619 1336 calentia
632 1284 762 1337 membra.

69 1352 169 1405 Obvius
181 1354 337 1406 ambustum
349 1363 446 1406 torrem
459 1355 613 1422 Corynaeus
624 1352 659 1404 ab
671 1371 717 1406 ara

70 1422 187 1491 Corripit,
202 1432 229 1474 et
241 1423 358 1475 venienti
372 1423 463 1492 Ebyso
475 1423 637 1492 plagamque
649 1423 746 1476 ferenti

69 1492 187 1561 Occupat
199 1510 228 1544 os
241 1492 373 1561 flammis3
392 1493 435 1544 olli
451 1492 546 1560 ingens
557 1492 641 1546 barba
653 1493 757 1561 reluxit,
869 1495 919 1544 300

68 1561 94 1613 N
97 1560 252 1632 idoremque
264 1563 389 1615 ambusta
401 1562 474 1616 [ledit
482 1579 490 1631 3
509 1579 589 1633 super
602 1561 658 1630 ipse
671 1572 780 1616 secutus

69 1631 222 1685 Caesariem
237 1632 315 1684 laeva
326 1632 424 1685 turbati
436 1631 541 1702 corripit
553 1632 645 1702 hostis,

68 1700 254 1770 impressoque
266 1719 338 1770 genu
350 1702 438 1755 nitens
450 1711 536 1756 terrae
548 1701 663 1772 applicat
676 1703 764 1772 ipsum
771 1718 779 1772 3

68 1769 110 1820 Sic
123 1771 206 1837 rigido
218 1772 287 1823 latus
300 1789 364 1823 crrse
377 1772 446 1824 serit.
482 1772 630 1825 Podalirius
643 1771 747 1842 Alsum,

68 1838 214 1906 Pastorem,
227 1840 368 1960 primaque
380 1841 438 1892 acie
451 1857 498 1910 per
510 1841 564 1893 tela
578 1850 707 1909 ruentem,
868 1844 918 1891 305

69 1908 141 1960 Ense
155 1925 271 1976 sequens
283 1926 353 1961 nuto
366 1908 585 1980 superimminet3
604 1910 649 1961 ille
662 1909 749 1962 securi

67 1977 182 2029 Adversi
193 1977 309 2030 frontem
320 1978 442 2031 mediam
454 1985 630 2047 mentumque
644 1978 755 2031 reducta

68 2045 180 2116 Disjicit,
195 2055 221 2099 et
234 2065 323 2128 sparso
336 2046 388 2100 late
401 2049 467 2116 rigat
479 2065 554 2100 arma
566 2065 668 2101 cruore.

68 2115 119 2169 Olli
132 2116 198 2169 dura
210 2134 287 2186 quies
299 2117 390 2169 oculos
401 2126 428 2170 et
440 2117 544 2170 ferreus
555 2125 651 2186 urguet

69 2186 183 2238 Somnus
190 2202 197 2254 3
217 2187 244 2238 in
255 2194 393 2240 aeternam
406 2187 565 2240 clauduntur
576 2186 678 2240 lumina
690 2195 807 2241 noctem.
867 2189 917 2239 310

102 2258 138 2307 At
150 2256 210 2325 pius
221 2258 329 2309 Aeneas
340 2255 463 2310 dextram
475 2255 602 2309 tendebat
615 2255 747 2310 inermem

69 2325 175 2377 Nudato
188 2326 286 2395 capite,
299 2334 381 2395 atque
394 2343 456 2380 suos
468 2326 584 2379 clamore
597 2325 725 2379 vocabat:

70 2393 144 2453 ‘Quo
158 2395 252 2448 ruitisl
270 2412 374 2465 quaeve
387 2395 438 2449 ista
450 2413 546 2466 repens
557 2394 688 2448 discordia
700 2394 802 2464 surgit?

68 2464 90 2516 O
102 2464 225 2517 cohibete
238 2465 306 2518 iras!
328 2465 412 2519 ictum
424 2465 481 2536 jam
493 2465 595 2535 foedus,
609 2474 635 2518 et
648 2481 743 2519 omnes

68 2534 235 2602 Compositae
249 2534 323 2603 leges
329 2554 337 2604 3
356 2535 423 2588 mihi
435 2534 478 2604 jus
490 2552 645 2589 concurrere
658 2535 706 2588 soli
713 2552 721 2604 3
867 2538 917 2587 315

68 2603 115 2654 Me
129 2605 215 2672 sinite,
229 2613 310 2673 atque
322 2603 426 2657 auferte
439 2616 536 2658 metus.
573 2606 629 2672 Ego
642 2603 752 2657 foedera
763 2603 826 2655 faxo

67 2671 157 2724 Firma
170 2689 249 2725 manu
260 2690 267 2741 3
286 2673 405 2729 Turnum
419 2674 518 2727 debent
531 2673 598 2725 haec
609 2672 666 2742 jam
678 2671 745 2726 mihi
757 2672 851 2726 sacra!

67 2741 123 2792 Has
134 2741 300 2810 intervoces,
315 2742 405 2794 media
416 2743 485 2795 inter
497 2742 560 2794 talia
572 2742 662 2810 verba,

68 2810 148 2879 Ecce,
162 2810 217 2861 viro
230 2809 344 2863 stridens
356 2811 406 2863 alis
417 2810 519 2881 allapsa
531 2811 627 2879 sagitta
639 2817 687 2880 eet,

67 2879 210 2949 Incertum,
224 2896 278 2948 qua
290 2879 367 2948 pulsa
379 2897 467 2950 manu,
482 2897 534 2949 quo
547 2880 653 2933 turbine
665 2879 769 2949 adacta,
867 2884 918 2932 ³20

67 2948 134 3008 Quis
146 2958 247 3001 tantam
261 2949 366 3002 Rutulis
378 2948 495 3019 laudern,
509 2967 623 3003 casusne
636 2950 748 3020 deusne,

66 3017 208 3087 Attulerit3
227 3036 318 3087 pressa
330 3028 371 3072 est
384 3019 495 3088 insignis
506 3020 589 3088 gloria
600 3019 673 3089 facti,

25 3149 79 3194 283.
96 3146 127 3204 lt,
141 3146 189 3194 dac.
223 3147 343 3207 Compare

146 3241 152 3260 ⁸
162 3236 210 3274 Iron
221 3238 273 3275 elect
282 3238 308 3276 ot'
318 3248 402 3287 enowy
412 3238 496 3278 shower

159 3287 244 3325 Hurttes
254 3286 277 3325 in
288 3289 323 3328 the
332 3289 440 3329 darkcned
448 3289 596 3339 atre-orans
604 3289 668 3330 Furat
675 3290 758 3328 Stetere.

18 3370 85 3415 -096,
103 3366 155 3414 Hoc
169 3369 242 3423 taret,
262 3384 276 3415 a
291 3375 405 3420 common
421 3370 572 3430 gladiatorial
589 3371 684 3431 phrase,
698 3369 759 3419 need
775 3378 801 3419 to
817 3384 918 3432 express

18 3441 37 3476 te
48 3426 166 3475 infliction
177 3425 205 3472 os
217 3443 229 3473 a
242 3429 337 3477 wmrnd,
347 3433 435 3477 -310,
455 3430 541 3488 Sinite,
556 3447 579 3479 x,
593 3436 628 3479 15,

98 3491 129 3538 36
