2078 3622
444 154 604 194 nsnutuos.

135 282 297 350 Crediderat,
312 281 440 350 coeloque
452 281 572 334 animum
586 281 696 333 sortasse
709 280 819 351 serebat,

134 354 320 420 canitiemque
333 351 383 403 sibi
395 359 422 402 et
434 351 525 417 longos
538 351 694 418 promiserat
706 367 790 402 anuos
797 368 843 420 3-

134 423 277 490 Tarquitus
294 419 429 472 exsultans
441 429 531 472 contra
544 418 708 486 fulgentibus
719 420 808 488 armis,
932 424 983 474 bbd

135 491 273 543 Silvicolae
286 489 377 541 Fauno
389 489 495 558 Dryope
507 505 589 557 quem
600 489 722 557 nympha
733 496 842 557 crearat,

133 561 235 613 Obvius
246 558 348 610 ardenti
360 574 420 610 sese
432 557 535 610 obtulit.
572 557 620 610 Ille
633 558 743 610 reducta

134 630 256 682 Loricam
268 628 402 696 clipeique
415 626 509 694 ingens
521 644 587 679 onus
599 627 710 695 impedit
722 628 799 679 hasta
806 642 814 695 3

134 699 203 751 Tum
217 714 249 749 ca
269 705 297 748 ut
309 696 409 748 orantis
420 695 602 765 nequidquam
615 704 641 748 et
654 696 739 748 multa
751 696 869 764 parantis

133 768 227 819 Dicere
259 766 363 818 eturbat
376 775 468 832 terrae,
483 776 658 833 truncumque
671 772 808 834 tepentem
931 768 982 819 553

133 835 294 889 Provolvens
307 852 386 903 super
399 834 466 885 haec
478 834 587 886 inimico
599 844 706 902 pectore
719 834 805 886 fatur:

135 906 212 957 ‘Istic
224 921 302 972 nunc,
315 902 468 971 metuende,
481 902 550 971 jace.
586 904 646 955 Nou
658 917 684 956 te
697 904 797 972 optima
808 910 895 956 mater

134 975 235 1026 Condet
248 973 337 1042 humo,
351 973 488 1041 patrioque
500 972 619 1024 onerabit
632 973 754 1025 membra
766 972 922 1043 sepulchro:

133 1043 249 1095 Alitibus
261 1043 381 1110 linquere
394 1042 463 1109 feris,
477 1048 523 1093 aut
535 1041 637 1109 gurgite
650 1057 769 1094 mersum

133 1113 211 1165 Unda
224 1112 298 1179 feret,
312 1112 453 1180 piscesque
467 1110 574 1179 impasti
590 1110 697 1162 vulnera
709 1111 846 1164 lambent!
930 1117 982 1165 560

133 1183 255 1234 Protinus
266 1184 399 1234 Antaeum
413 1189 440 1232 et
453 1180 562 1249 Lucam,
575 1180 660 1249 prima
671 1182 778 1247 agmina
790 1180 881 1251 Turni,

133 1251 312 1320 Persequitur,
327 1250 475 1318 sortemque
488 1250 614 1317 Numam,
629 1249 787 1319 fulvumque
799 1251 962 1323 Camertem,

133 1321 306 1389 Magnanimo
320 1319 461 1371 Volscente
474 1329 569 1387 satum,
583 1318 732 1372 ditissimus
743 1320 799 1387 agri

133 1390 185 1449 Qui
199 1391 249 1442 luit
262 1388 436 1456 Ausonidum,
450 1397 476 1440 et
490 1389 578 1441 tacitis
591 1388 711 1456 regnavit
723 1388 853 1458 Amyclis.

133 1462 259 1527 Aegaeon
273 1458 365 1526 qualis,
379 1465 488 1510 eentum
501 1458 544 1510 cui
556 1457 664 1510 brachia
676 1457 769 1510 dicunt
931 1464 983 1516 565

133 1529 318 1595 Centenasque
330 1543 434 1594 manus,
448 1527 641 1595 quinquaginta
652 1526 741 1579 oribus
752 1528 843 1596 ignem

133 1597 340 1664 Pectoribusque
352 1596 455 1664 arsisse,
468 1596 543 1647 Jovis
555 1612 616 1647 cum
629 1595 741 1648 fulmina
752 1609 844 1650 contra

134 1667 184 1718 Tot
196 1665 305 1734 paribus
317 1672 445 1732 streperet
457 1663 557 1732 clipeis,
571 1672 608 1715 tot
621 1664 761 1732 stringeret
773 1683 869 1722 enses:

133 1735 177 1787 Sic
189 1743 241 1786 toto
254 1736 362 1785 Aeneas
374 1732 495 1784 desaevit
507 1733 535 1785 in
547 1749 662 1801 aequore
673 1733 757 1787 victor

134 1804 169 1856 Ut
182 1803 267 1855 semel
279 1801 392 1870 intepuit
403 1817 504 1854 mucro.
541 1801 611 1860 Quin
623 1818 688 1855 ecce
699 1803 753 1873 Nip
791 1806 817 1859 ei
932 1814 985 1864 570

134 1872 304 1942 Quadrijugis
316 1872 342 1923 in
355 1888 438 1941 equos
450 1870 617 1940 adversaque
629 1880 737 1942 pectora
748 1875 843 1929 tendit.

135 1945 224 2010 Atque
236 1943 280 2009 illi,
295 1940 372 2009 longe
384 1940 552 2009 gradientem
564 1949 591 1993 et
603 1941 660 1993 dira
671 1941 833 1999 frementem

135 2013 170 2065 Ut
184 2011 283 2078 videre,
296 2020 371 2062 metu
382 2010 452 2063 versi
465 2020 587 2080 retroque
600 2019 708 2064 ruentes

135 2081 336 2147 Effunduntque
349 2080 456 2147 ducem,
469 2080 626 2148 rapiuntque
638 2081 672 2133 ad
684 2080 761 2134 litora
771 2099 872 2139 currus.

133 2152 239 2204 Interea
251 2149 348 2217 bijugis
359 2148 438 2200 infert
452 2165 481 2200 se
494 2150 617 2216 Lucagus
628 2149 697 2202 albis
930 2161 982 2211 575

135 2221 164 2271 ln
177 2219 289 2286 medios,
302 2218 436 2286 fraterque
449 2218 528 2285 Liger
535 2235 543 2286 3
562 2219 610 2271 sed
623 2218 706 2271 frater
717 2219 832 2275 habenis

136 2289 232 2341 Flectit
245 2304 333 2355 equos,
347 2287 467 2339 strictum
483 2295 547 2339 rotat
559 2304 622 2340 acer
633 2287 756 2357 Lucagus
768 2306 871 2346 ensem.

135 2357 212 2409 Haud
227 2357 286 2408 tulit
298 2359 406 2408 Aeneas
418 2363 490 2407 tanto
502 2355 604 2408 fervore
617 2356 746 2411 furentis:

134 2427 218 2493 Irrnit,
233 2425 399 2494 adversaque
411 2424 507 2492 ingens
518 2424 639 2495 apparuit
651 2425 738 2481 hasta.

135 2494 184 2548 Cui
197 2493 291 2560 Liger:
932 2507 982 2557 580

137 2565 212 2616 ‘Non
224 2560 362 2616 Diomedis
374 2578 464 2630 equos,
478 2579 529 2614 nec
540 2579 648 2617 currum
661 2565 750 2620 cernis
760 2567 871 2641 Achilli,

135 2636 190 2685 Aut
202 2631 334 2700 Phrygiae
346 2647 471 2699 campos:
491 2648 561 2684 nunc
574 2633 639 2686 belli
649 2634 711 2688 finis
724 2644 751 2689 et
762 2638 823 2691 aevi

134 2703 183 2754 His
195 2701 300 2753 dabitur
312 2700 404 2752 terris!
441 2700 546 2753 Vesano
560 2701 622 2754 talia
633 2702 688 2756 late

135 2772 212 2824 Dicta
224 2769 313 2822 volant
324 2769 420 2838 Ligeri.
458 2769 509 2822 Sed
521 2787 573 2823 non
585 2780 612 2823 et
624 2772 721 2826 Troius
733 2773 811 2829 heros

136 2841 213 2892 Dicta
225 2846 299 2908 parat
310 2848 415 2908 eontra,
432 2837 552 2907 jaculum
565 2858 628 2893 nam
640 2849 744 2911 torquet
756 2844 784 2899 in
795 2844 911 2905 hostem.
932 2854 985 2907 68⁶

136 2909 260 2976 Lucagus
271 2917 300 2959 ut
312 2925 409 2976 pronus
420 2909 541 2977 pendens
553 2910 578 2962 in
592 2909 704 2964 verbera
716 2913 769 2966 telo

65 2999 984 3023 ’.ψ-*Ἣ

96 3032 149 3077 553.
165 3029 264 3090 Impedit
275 3044 356 3075 seems
367 3039 392 3075 to
403 3029 464 3076 have
481 3029 522 3076 the
534 3029 622 3078 double
633 3034 748 3095 meaning
763 3035 796 3092 of,
809 3036 863 3099 figit
873 3050 900 3089 ot
910 3041 982 3093 inuri.

67 3089 115 3136 lem
127 3087 213 3143 reddit,
227 3087 255 3134 of
267 3087 346 3134 which
359 3088 399 3135 the
410 3087 463 3135 first
474 3088 576 3156 belongs
593 3100 618 3136 to
629 3093 732 3149 loricam,
745 3095 793 3143 and
803 3096 846 3145 tho
856 3102 948 3151 second
958 3113 985 3153 to

65 3149 135 3210 clipei
144 3149 308 3195 ortua-563.
332 3146 460 3194 Volsceate.
493 3148 928 3216 Soerx.370.—56⁴l.'11myelua,on
941 3162 984 3213 th·

66 3217 134 3255 coast
151 3206 178 3253 ol
191 3205 297 3260 Latium,
311 3214 372 3251 west
388 3205 416 3252 ol'
430 3205 619 3255 Caieta—565.
636 3209 755 3271 Aegaeon.
786 3212 834 3263 See
850 3226 875 3265 ot
885 3218 919 3267 vi.
929 3224 984 3271 286.

66 3268 156 3314 -581,
173 3264 301 3313 Diomedia.
340 3264 386 3310 Sec
403 3273 426 3310 at
443 3266 458 3310 i.
475 3268 611 3313 97.—586.
627 3266 749 3326 Paridem,
768 3271 817 3321 duc.
854 3274 984 3329 Sum,

68 3327 120 3372 145.
155 3324 218 3380 Telo,
232 3324 257 3371 in
267 3323 305 3371 his
321 3323 474 3390 importunae,
487 3323 517 3371 hc
528 3327 570 3371 lios
587 3326 663 3387 urged
678 3342 710 3377 ott
724 3329 767 3379 tho
778 3330 864 3383 homo
873 3336 936 3389 with
944 3338 984 3391 Ιώ

67 3383 157 3439 eword,
170 3383 217 3432 and
228 3384 258 3431 ho
270 3385 291 3431 is
303 3397 429 3442 proparrng
440 3382 476 3430 sor
486 3383 527 3430 tho
538 3382 607 3443 light.
821 3421 824 3429 .
