<?xml version="1.0" encoding="UTF-8"?>
<!DOCTYPE html PUBLIC "-//W3C//DTD XHTML 1.0 Transitional//EN"
    "http://www.w3.org/TR/xhtml1/DTD/xhtml1-transitional.dtd">
<html xmlns="http://www.w3.org/1999/xhtml" xml:lang="en" lang="en">
 <head>
  <title>
</title>
<meta http-equiv="Content-Type" content="text/html;charset=utf-8" />
  <meta name='ocr-system' content='tesseract 3.04.00' />
  <meta name='ocr-capabilities' content='ocr_page ocr_carea ocr_par ocr_line ocrx_word'/>
</head>
<body>
  <div class='ocr_page' id='page_1' title='image "./carmina00virggoog_0435.png"; bbox 0 0 2086 3622; ppageno 0'>
   <div class='ocr_carea' id='block_1_1' title="bbox 425 132 593 173">
    <p class='ocr_par' dir='ltr' id='par_1_1' title="bbox 425 132 593 173">
     <span class='ocr_line' id='line_1_1' title="bbox 425 132 593 173; baseline -0.018 0"><span class='ocrx_word' id='word_1_1' title='bbox 425 133 518 173; x_wconf 77' lang='lat' dir='ltr'>LIBER</span> <span class='ocrx_word' id='word_1_2' title='bbox 538 132 593 172; x_wconf 81' lang='grc' dir='ltr'><strong>ΧΠ.</strong></span> 
     </span>
    </p>
   </div>
   <div class='ocr_carea' id='block_1_2' title="bbox 113 258 966 612">
    <p class='ocr_par' dir='ltr' id='par_1_2' title="bbox 115 258 715 331">
     <span class='ocr_line' id='line_1_2' title="bbox 115 258 715 331; baseline -0.013 -14"><span class='ocrx_word' id='word_1_3' title='bbox 115 263 150 317; x_wconf 85' lang='lat' dir='ltr'><strong>Et</strong></span> <span class='ocrx_word' id='word_1_4' title='bbox 161 263 236 317; x_wconf 80' lang='lat' dir='ltr'><strong>furiis</strong></span> <span class='ocrx_word' id='word_1_5' title='bbox 248 263 365 331; x_wconf 87' lang='lat' dir='ltr'><strong>agitatus</strong></span> <span class='ocrx_word' id='word_1_6' title='bbox 377 279 452 316; x_wconf 92' lang='lat' dir='ltr'><strong>amor</strong></span> <span class='ocrx_word' id='word_1_7' title='bbox 464 270 491 315; x_wconf 91' lang='lat' dir='ltr'><strong>et</strong></span> <span class='ocrx_word' id='word_1_8' title='bbox 503 261 611 314; x_wconf 89' lang='lat' dir='ltr'><strong>conscia</strong></span> <span class='ocrx_word' id='word_1_9' title='bbox 622 258 715 311; x_wconf 86' lang='lat' dir='ltr'><strong>virtus.</strong></span> 
     </span>
    </p>

    <p class='ocr_par' dir='ltr' id='par_1_3' title="bbox 113 325 966 542">
     <span class='ocr_line' id='line_1_3' title="bbox 114 325 876 402; baseline -0.01 -16"><span class='ocrx_word' id='word_1_10' title='bbox 114 333 148 386; x_wconf 92' lang='lat' dir='ltr'><strong>Ut</strong></span> <span class='ocrx_word' id='word_1_11' title='bbox 162 334 278 402; x_wconf 92' lang='lat' dir='ltr'><strong>primum</strong></span> <span class='ocrx_word' id='word_1_12' title='bbox 292 333 429 385; x_wconf 84' lang='lat' dir='ltr'>discussae</span> <span class='ocrx_word' id='word_1_13' title='bbox 444 331 556 385; x_wconf 84' lang='lat' dir='ltr'><strong>umbrae</strong></span> <span class='ocrx_word' id='word_1_14' title='bbox 569 338 595 382; x_wconf 92' lang='lat' dir='ltr'><strong>et</strong></span> <span class='ocrx_word' id='word_1_15' title='bbox 608 328 654 381; x_wconf 88' lang='lat' dir='ltr'><strong>lux</strong></span> <span class='ocrx_word' id='word_1_16' title='bbox 667 325 770 380; x_wconf 89' lang='lat' dir='ltr'><strong>reddita</strong></span> <span class='ocrx_word' id='word_1_17' title='bbox 781 325 876 396; x_wconf 89' lang='lat' dir='ltr'><strong>menti,</strong></span> 
     </span>
     <span class='ocr_line' id='line_1_4' title="bbox 113 397 966 456; baseline -0.012 0"><span class='ocrx_word' id='word_1_18' title='bbox 113 403 241 456; x_wconf 90' lang='lat' dir='ltr'><strong>Ardentis</strong></span> <span class='ocrx_word' id='word_1_19' title='bbox 253 403 388 456; x_wconf 84' lang='lat' dir='ltr'><strong>oculorum</strong></span> <span class='ocrx_word' id='word_1_20' title='bbox 402 403 472 456; x_wconf 88' lang='lat' dir='ltr'><strong>orbis</strong></span> <span class='ocrx_word' id='word_1_21' title='bbox 484 403 518 454; x_wconf 91' lang='lat' dir='ltr'><strong>ad</strong></span> <span class='ocrx_word' id='word_1_22' title='bbox 533 399 639 454; x_wconf 90' lang='lat' dir='ltr'><strong>moenia</strong></span> <span class='ocrx_word' id='word_1_23' title='bbox 651 397 726 450; x_wconf 91' lang='lat' dir='ltr'><strong>torsit</strong></span> <span class='ocrx_word' id='word_1_24' title='bbox 917 398 966 448; x_wconf 89' lang='grc'><strong>670</strong></span> 
     </span>
     <span class='ocr_line' id='line_1_5' title="bbox 113 464 848 542; baseline -0.008 -18"><span class='ocrx_word' id='word_1_25' title='bbox 113 472 256 542; x_wconf 76' lang='lat' dir='ltr'><strong>TurbiduS,</strong></span> <span class='ocrx_word' id='word_1_26' title='bbox 270 490 339 542; x_wconf 83' lang='lat' dir='ltr'>eque</span> <span class='ocrx_word' id='word_1_27' title='bbox 353 473 414 525; x_wconf 91' lang='lat' dir='ltr'><strong>rotis</strong></span> <span class='ocrx_word' id='word_1_28' title='bbox 427 489 554 540; x_wconf 88' lang='lat' dir='ltr'><strong>magnam</strong></span> <span class='ocrx_word' id='word_1_29' title='bbox 567 468 685 539; x_wconf 82' lang='lat' dir='ltr'>respexit</span> <span class='ocrx_word' id='word_1_30' title='bbox 697 467 731 519; x_wconf 92' lang='lat' dir='ltr'><strong>ad</strong></span> <span class='ocrx_word' id='word_1_31' title='bbox 744 464 848 519; x_wconf 89' lang='lat' dir='ltr'><strong>urbem.</strong></span> 
     </span>
    </p>

    <p class='ocr_par' dir='ltr' id='par_1_4' title="bbox 114 537 763 612">
     <span class='ocr_line' id='line_1_6' title="bbox 114 537 763 612; baseline -0.009 -17"><span class='ocrx_word' id='word_1_32' title='bbox 114 543 185 595; x_wconf 87' lang='lat' dir='ltr'><strong>Ecce</strong></span> <span class='ocrx_word' id='word_1_33' title='bbox 198 553 299 612; x_wconf 93' lang='lat' dir='ltr'><strong>autern,</strong></span> <span class='ocrx_word' id='word_1_34' title='bbox 313 542 432 596; x_wconf 88' lang='lat' dir='ltr'><strong>fiammis</strong></span> <span class='ocrx_word' id='word_1_35' title='bbox 444 543 511 594; x_wconf 90' lang='lat' dir='ltr'><strong>inter</strong></span> <span class='ocrx_word' id='word_1_36' title='bbox 523 539 644 592; x_wconf 89' lang='lat' dir='ltr'><strong>tabulata</strong></span> <span class='ocrx_word' id='word_1_37' title='bbox 656 537 763 590; x_wconf 89' lang='lat' dir='ltr'><strong>volutus</strong></span> 
     </span>
    </p>
   </div>
   <div class='ocr_carea' id='block_1_3' title="bbox 113 606 997 2991">
    <p class='ocr_par' dir='ltr' id='par_1_5' title="bbox 113 606 997 2286">
     <span class='ocr_line' id='line_1_7' title="bbox 114 606 802 679; baseline -0.004 -16"><span class='ocrx_word' id='word_1_38' title='bbox 114 612 157 664; x_wconf 91' lang='lat' dir='ltr'><strong>Ad</strong></span> <span class='ocrx_word' id='word_1_39' title='bbox 171 613 277 665; x_wconf 88' lang='lat' dir='ltr'><strong>coelum</strong></span> <span class='ocrx_word' id='word_1_40' title='bbox 292 612 408 666; x_wconf 84' lang='lat' dir='ltr'>undabat</span> <span class='ocrx_word' id='word_1_41' title='bbox 421 621 512 664; x_wconf 80' lang='lat' dir='ltr'>vortex</span> <span class='ocrx_word' id='word_1_42' title='bbox 526 610 671 679; x_wconf 88' lang='lat' dir='ltr'><strong>turrimque</strong></span> <span class='ocrx_word' id='word_1_43' title='bbox 685 606 802 675; x_wconf 89' lang='lat' dir='ltr'><strong>tenebat,</strong></span> 
     </span>
     <span class='ocr_line' id='line_1_8' title="bbox 113 676 826 751; baseline -0.008 -18"><span class='ocrx_word' id='word_1_44' title='bbox 113 682 227 751; x_wconf 82' lang='lat' dir='ltr'><strong>Turrim,</strong></span> <span class='ocrx_word' id='word_1_45' title='bbox 241 683 388 751; x_wconf 81' lang='lat' dir='ltr'>compactis</span> <span class='ocrx_word' id='word_1_46' title='bbox 401 681 520 734; x_wconf 81' lang='lat' dir='ltr'><strong>trabibus</strong></span> <span class='ocrx_word' id='word_1_47' title='bbox 532 697 614 749; x_wconf 89' lang='lat' dir='ltr'><strong>quam</strong></span> <span class='ocrx_word' id='word_1_48' title='bbox 627 677 755 731; x_wconf 81' lang='lat' dir='ltr'><strong>eduxerat</strong></span> <span class='ocrx_word' id='word_1_49' title='bbox 768 676 826 746; x_wconf 80' lang='lat' dir='ltr'><strong>ipse</strong></span> 
     </span>
     <span class='ocr_line' id='line_1_9' title="bbox 113 746 965 820; baseline -0.007 -18"><span class='ocrx_word' id='word_1_50' title='bbox 113 749 327 820; x_wconf 73' lang='lat' dir='ltr'><strong>subdideratque</strong></span> <span class='ocrx_word' id='word_1_51' title='bbox 341 761 412 803; x_wconf 86' lang='lat' dir='ltr'><strong>rotas</strong></span> <span class='ocrx_word' id='word_1_52' title='bbox 423 751 564 820; x_wconf 89' lang='lat' dir='ltr'><strong>pontisque</strong></span> <span class='ocrx_word' id='word_1_53' title='bbox 578 749 735 801; x_wconf 82' lang='lat' dir='ltr'><strong>instraverat</strong></span> <span class='ocrx_word' id='word_1_54' title='bbox 746 746 823 799; x_wconf 87' lang='lat' dir='ltr'><strong>altos.</strong></span> <span class='ocrx_word' id='word_1_55' title='bbox 914 747 965 797; x_wconf 78' lang='lat' dir='ltr'><strong>ott</strong></span> 
     </span>
     <span class='ocr_line' id='line_1_10' title="bbox 115 817 826 890; baseline -0.006 -18"><span class='ocrx_word' id='word_1_56' title='bbox 115 822 190 872; x_wconf 87' lang='lat' dir='ltr'><strong>‘lam</strong></span> <span class='ocrx_word' id='word_1_57' title='bbox 204 820 260 890; x_wconf 89' lang='lat' dir='ltr'><strong>jam</strong></span> <span class='ocrx_word' id='word_1_58' title='bbox 273 823 337 888; x_wconf 85' lang='lat' dir='ltr'><strong>lata,</strong></span> <span class='ocrx_word' id='word_1_59' title='bbox 351 837 429 887; x_wconf 91' lang='lat' dir='ltr'><strong>soror,</strong></span> <span class='ocrx_word' id='word_1_60' title='bbox 443 829 569 890; x_wconf 87' lang='lat' dir='ltr'><strong>superant</strong></span> <span class='ocrx_word' id='word_1_61' title='bbox 577 836 584 886; x_wconf 99' lang='grc'><strong><em>5</em></strong></span> <span class='ocrx_word' id='word_1_62' title='bbox 603 817 701 871; x_wconf 88' lang='lat' dir='ltr'><strong>absiste</strong></span> <span class='ocrx_word' id='word_1_63' title='bbox 714 817 811 870; x_wconf 89' lang='lat' dir='ltr'><strong>morari</strong></span> <span class='ocrx_word' id='word_1_64' title='bbox 819 831 826 884; x_wconf 87' lang='grc'><strong><em>5</em></strong></span> 
     </span>
     <span class='ocr_line' id='line_1_11' title="bbox 113 888 830 960; baseline -0.013 -13"><span class='ocrx_word' id='word_1_65' title='bbox 113 890 171 947; x_wconf 82' lang='lat' dir='ltr'><strong>Quo</strong></span> <span class='ocrx_word' id='word_1_66' title='bbox 185 892 252 943; x_wconf 84' lang='lat' dir='ltr'><strong>deus</strong></span> <span class='ocrx_word' id='word_1_67' title='bbox 265 901 292 943; x_wconf 92' lang='lat' dir='ltr'><strong>et</strong></span> <span class='ocrx_word' id='word_1_68' title='bbox 304 908 355 960; x_wconf 92' lang='lat' dir='ltr'><strong>quo</strong></span> <span class='ocrx_word' id='word_1_69' title='bbox 369 890 435 942; x_wconf 91' lang='lat' dir='ltr'><strong>dura</strong></span> <span class='ocrx_word' id='word_1_70' title='bbox 448 899 525 943; x_wconf 91' lang='lat' dir='ltr'><strong>vocat</strong></span> <span class='ocrx_word' id='word_1_71' title='bbox 539 888 663 957; x_wconf 83' lang='lat' dir='ltr'><strong>Fortuna,</strong></span> <span class='ocrx_word' id='word_1_72' title='bbox 677 904 830 956; x_wconf 90' lang='lat' dir='ltr'><strong>sequamur.</strong></span> 
     </span>
     <span class='ocr_line' id='line_1_12' title="bbox 114 953 934 1028; baseline -0.006 -17"><span class='ocrx_word' id='word_1_73' title='bbox 114 961 169 1012; x_wconf 88' lang='lat' dir='ltr'><strong>Stat</strong></span> <span class='ocrx_word' id='word_1_74' title='bbox 182 960 302 1013; x_wconf 85' lang='lat' dir='ltr'><strong>conferre</strong></span> <span class='ocrx_word' id='word_1_75' title='bbox 315 978 426 1014; x_wconf 90' lang='lat' dir='ltr'><strong>manum</strong></span> <span class='ocrx_word' id='word_1_76' title='bbox 440 962 559 1028; x_wconf 79' lang='lat' dir='ltr'><strong>Aeneae,</strong></span> <span class='ocrx_word' id='word_1_77' title='bbox 572 966 632 1028; x_wconf 89' lang='lat' dir='ltr'><strong>stat,</strong></span> <span class='ocrx_word' id='word_1_78' title='bbox 646 955 778 1027; x_wconf 92' lang='lat' dir='ltr'><strong>quidquid</strong></span> <span class='ocrx_word' id='word_1_79' title='bbox 789 953 880 1010; x_wconf 83' lang='lat' dir='ltr'><strong>acerbi</strong></span> <span class='ocrx_word' id='word_1_80' title='bbox 893 960 934 1007; x_wconf 91' lang='lat' dir='ltr'><strong>est</strong></span> 
     </span>
     <span class='ocr_line' id='line_1_13' title="bbox 113 1023 902 1100; baseline -0.005 -19"><span class='ocrx_word' id='word_1_81' title='bbox 113 1030 209 1095; x_wconf 88' lang='lat' dir='ltr'><strong>Morte,</strong></span> <span class='ocrx_word' id='word_1_82' title='bbox 224 1031 277 1100; x_wconf 91' lang='lat' dir='ltr'><strong>pati</strong></span> <span class='ocrx_word' id='word_1_83' title='bbox 284 1048 292 1099; x_wconf 86' lang='grc'><strong><em>5</em></strong></span> <span class='ocrx_word' id='word_1_84' title='bbox 311 1048 399 1100; x_wconf 90' lang='lat' dir='ltr'><strong>neque</strong></span> <span class='ocrx_word' id='word_1_85' title='bbox 412 1048 456 1084; x_wconf 90' lang='lat' dir='ltr'><strong>me</strong></span> <span class='ocrx_word' id='word_1_86' title='bbox 469 1030 632 1098; x_wconf 84' lang='lat' dir='ltr'><strong>indecorem,</strong></span> <span class='ocrx_word' id='word_1_87' title='bbox 644 1044 782 1096; x_wconf 86' lang='lat' dir='ltr'><strong>germana,</strong></span> <span class='ocrx_word' id='word_1_88' title='bbox 795 1023 902 1079; x_wconf 87' lang='lat' dir='ltr'><strong>videbis</strong></span> 
     </span>
     <span class='ocr_line' id='line_1_14' title="bbox 113 1095 966 1170; baseline -0.007 -19"><span class='ocrx_word' id='word_1_89' title='bbox 113 1101 247 1168; x_wconf 89' lang='lat' dir='ltr'><strong>Amplius.</strong></span> <span class='ocrx_word' id='word_1_90' title='bbox 284 1101 369 1169; x_wconf 86' lang='lat' dir='ltr'><strong>Hunc,</strong></span> <span class='ocrx_word' id='word_1_91' title='bbox 383 1118 434 1170; x_wconf 91' lang='lat' dir='ltr'><strong>oro,</strong></span> <span class='ocrx_word' id='word_1_92' title='bbox 449 1101 507 1152; x_wconf 89' lang='lat' dir='ltr'><strong>sine</strong></span> <span class='ocrx_word' id='word_1_93' title='bbox 520 1117 565 1152; x_wconf 91' lang='lat' dir='ltr'><strong>me</strong></span> <span class='ocrx_word' id='word_1_94' title='bbox 579 1098 666 1151; x_wconf 82' lang='lat' dir='ltr'><strong>furere</strong></span> <span class='ocrx_word' id='word_1_95' title='bbox 678 1107 741 1149; x_wconf 87' lang='lat' dir='ltr'><strong>ante</strong></span> <span class='ocrx_word' id='word_1_96' title='bbox 754 1095 889 1150; x_wconf 74' lang='lat' dir='ltr'><strong>lurorern.²</strong></span> <span class='ocrx_word' id='word_1_97' title='bbox 915 1097 966 1146; x_wconf 90' lang='grc'><strong>680</strong></span> 
     </span>
     <span class='ocr_line' id='line_1_15' title="bbox 115 1167 732 1238; baseline -0.005 -17"><span class='ocrx_word' id='word_1_98' title='bbox 115 1170 194 1238; x_wconf 88' lang='lat' dir='ltr'><strong>Dixit,</strong></span> <span class='ocrx_word' id='word_1_99' title='bbox 209 1180 236 1223; x_wconf 92' lang='lat' dir='ltr'><strong>et</strong></span> <span class='ocrx_word' id='word_1_100' title='bbox 249 1188 264 1223; x_wconf 97' lang='lat' dir='ltr'><strong>e</strong></span> <span class='ocrx_word' id='word_1_101' title='bbox 277 1188 355 1223; x_wconf 91' lang='lat' dir='ltr'><strong>curru</strong></span> <span class='ocrx_word' id='word_1_102' title='bbox 368 1171 466 1223; x_wconf 88' lang='lat' dir='ltr'><strong>saltum</strong></span> <span class='ocrx_word' id='word_1_103' title='bbox 480 1168 554 1222; x_wconf 90' lang='lat' dir='ltr'><strong>dedit</strong></span> <span class='ocrx_word' id='word_1_104' title='bbox 567 1167 641 1220; x_wconf 89' lang='lat' dir='ltr'><strong>ocius</strong></span> <span class='ocrx_word' id='word_1_105' title='bbox 653 1167 732 1236; x_wconf 87' lang='lat' dir='ltr'><strong>arvis,</strong></span> 
     </span>
     <span class='ocr_line' id='line_1_16' title="bbox 114 1239 854 1309; baseline -0.004 -18"><span class='ocrx_word' id='word_1_106' title='bbox 114 1240 219 1308; x_wconf 89' lang='lat' dir='ltr'><strong>Perque</strong></span> <span class='ocrx_word' id='word_1_107' title='bbox 233 1240 322 1309; x_wconf 85' lang='lat' dir='ltr'><strong>hostis,</strong></span> <span class='ocrx_word' id='word_1_108' title='bbox 336 1257 384 1308; x_wconf 91' lang='lat' dir='ltr'><strong>per</strong></span> <span class='ocrx_word' id='word_1_109' title='bbox 397 1240 450 1292; x_wconf 90' lang='lat' dir='ltr'><strong>tela</strong></span> <span class='ocrx_word' id='word_1_110' title='bbox 463 1239 523 1306; x_wconf 84' lang='lat' dir='ltr'><strong>ruit,</strong></span> <span class='ocrx_word' id='word_1_111' title='bbox 537 1244 724 1305; x_wconf 89' lang='lat' dir='ltr'><strong>moestamque</strong></span> <span class='ocrx_word' id='word_1_112' title='bbox 737 1250 854 1288; x_wconf 84' lang='lat' dir='ltr'><strong>sororem</strong></span> 
     </span>
     <span class='ocr_line' id='line_1_17' title="bbox 114 1305 814 1378; baseline -0.006 -17"><span class='ocrx_word' id='word_1_113' title='bbox 114 1310 226 1378; x_wconf 88' lang='lat' dir='ltr'><strong>Deserit,</strong></span> <span class='ocrx_word' id='word_1_114' title='bbox 240 1327 272 1362; x_wconf 91' lang='lat' dir='ltr'><strong>ac</strong></span> <span class='ocrx_word' id='word_1_115' title='bbox 285 1310 376 1378; x_wconf 90' lang='lat' dir='ltr'><strong>rapido</strong></span> <span class='ocrx_word' id='word_1_116' title='bbox 389 1326 469 1362; x_wconf 85' lang='lat' dir='ltr'><strong>cursu</strong></span> <span class='ocrx_word' id='word_1_117' title='bbox 481 1307 573 1361; x_wconf 90' lang='lat' dir='ltr'><strong>media</strong></span> <span class='ocrx_word' id='word_1_118' title='bbox 584 1307 694 1375; x_wconf 84' lang='lat' dir='ltr'><strong>agmina</strong></span> <span class='ocrx_word' id='word_1_119' title='bbox 706 1305 814 1375; x_wconf 87' lang='lat' dir='ltr'><strong>rumpit.</strong></span> 
     </span>
     <span class='ocr_line' id='line_1_18' title="bbox 114 1377 773 1433; baseline -0.005 -3"><span class='ocrx_word' id='word_1_120' title='bbox 114 1382 155 1430; x_wconf 91' lang='lat' dir='ltr'><strong>Ac</strong></span> <span class='ocrx_word' id='word_1_121' title='bbox 168 1379 251 1431; x_wconf 85' lang='lat' dir='ltr'><strong>veluti</strong></span> <span class='ocrx_word' id='word_1_122' title='bbox 264 1379 361 1433; x_wconf 88' lang='lat' dir='ltr'><strong>montis</strong></span> <span class='ocrx_word' id='word_1_123' title='bbox 373 1396 469 1432; x_wconf 89' lang='lat' dir='ltr'><strong>saxum</strong></span> <span class='ocrx_word' id='word_1_124' title='bbox 482 1378 516 1430; x_wconf 91' lang='lat' dir='ltr'><strong>de</strong></span> <span class='ocrx_word' id='word_1_125' title='bbox 529 1377 630 1429; x_wconf 87' lang='lat' dir='ltr'><strong>vertice</strong></span> <span class='ocrx_word' id='word_1_126' title='bbox 662 1391 739 1428; x_wconf 89' lang='lat' dir='ltr'><strong>raeoe</strong></span> <span class='ocrx_word' id='word_1_127' title='bbox 760 1393 773 1427; x_wconf 89' lang='lat' dir='ltr'><strong>s</strong></span> 
     </span>
     <span class='ocr_line' id='line_1_19' title="bbox 113 1393 966 1519; baseline -0.005 -19"><span class='ocrx_word' id='word_1_128' title='bbox 113 1449 182 1501; x_wconf 93' lang='lat' dir='ltr'><strong>Cum</strong></span> <span class='ocrx_word' id='word_1_129' title='bbox 195 1450 253 1519; x_wconf 89' lang='lat' dir='ltr'><strong>ruit,</strong></span> <span class='ocrx_word' id='word_1_130' title='bbox 267 1449 389 1502; x_wconf 87' lang='lat' dir='ltr'><strong>avolsum</strong></span> <span class='ocrx_word' id='word_1_131' title='bbox 402 1457 491 1516; x_wconf 87' lang='lat' dir='ltr'><strong>vento,</strong></span> <span class='ocrx_word' id='word_1_132' title='bbox 505 1465 553 1499; x_wconf 86' lang='lat' dir='ltr'><strong>seu</strong></span> <span class='ocrx_word' id='word_1_133' title='bbox 567 1393 692 1499; x_wconf 67' lang='lat' dir='ltr'><strong>turbiAus</strong></span> <span class='ocrx_word' id='word_1_134' title='bbox 704 1393 792 1498; x_wconf 58' lang='lat' dir='ltr'><strong>imber</strong></span> <span class='ocrx_word' id='word_1_135' title='bbox 915 1448 966 1496; x_wconf 88' lang='grc'><strong>685</strong></span> 
     </span>
     <span class='ocr_line' id='line_1_20' title="bbox 114 1517 749 1588; baseline -0.005 -18"><span class='ocrx_word' id='word_1_136' title='bbox 114 1518 220 1588; x_wconf 85' lang='lat' dir='ltr'><strong>Proluit,</strong></span> <span class='ocrx_word' id='word_1_137' title='bbox 235 1529 280 1572; x_wconf 89' lang='lat' dir='ltr'><strong>aut</strong></span> <span class='ocrx_word' id='word_1_138' title='bbox 293 1519 370 1572; x_wconf 89' lang='lat' dir='ltr'><strong>annis</strong></span> <span class='ocrx_word' id='word_1_139' title='bbox 382 1519 460 1571; x_wconf 87' lang='lat' dir='ltr'><strong>solvit</strong></span> <span class='ocrx_word' id='word_1_140' title='bbox 474 1517 601 1586; x_wconf 86' lang='lat' dir='ltr'><strong>sublapsa</strong></span> <span class='ocrx_word' id='word_1_141' title='bbox 614 1523 749 1584; x_wconf 72' lang='lat' dir='ltr'><strong>vetustas,</strong></span> 
     </span>
     <span class='ocr_line' id='line_1_21' title="bbox 115 1585 836 1658; baseline -0.001 -19"><span class='ocrx_word' id='word_1_142' title='bbox 115 1588 209 1641; x_wconf 89' lang='lat' dir='ltr'><strong>Fertur</strong></span> <span class='ocrx_word' id='word_1_143' title='bbox 221 1590 246 1642; x_wconf 93' lang='lat' dir='ltr'><strong>in</strong></span> <span class='ocrx_word' id='word_1_144' title='bbox 259 1589 402 1658; x_wconf 90' lang='lat' dir='ltr'><strong>abruptum</strong></span> <span class='ocrx_word' id='word_1_145' title='bbox 415 1605 512 1656; x_wconf 86' lang='lat' dir='ltr'><strong>magno</strong></span> <span class='ocrx_word' id='word_1_146' title='bbox 524 1604 603 1640; x_wconf 91' lang='lat' dir='ltr'><strong>mons</strong></span> <span class='ocrx_word' id='word_1_147' title='bbox 615 1585 753 1655; x_wconf 89' lang='lat' dir='ltr'><strong>improbus</strong></span> <span class='ocrx_word' id='word_1_148' title='bbox 764 1592 836 1656; x_wconf 91' lang='lat' dir='ltr'><strong>actu,</strong></span> 
     </span>
     <span class='ocr_line' id='line_1_22' title="bbox 116 1657 752 1729; baseline -0.005 -19"><span class='ocrx_word' id='word_1_149' title='bbox 116 1659 291 1729; x_wconf 81' lang='lat' dir='ltr'><strong>Exsultntque</strong></span> <span class='ocrx_word' id='word_1_150' title='bbox 304 1659 367 1728; x_wconf 89' lang='lat' dir='ltr'><strong>solo,</strong></span> <span class='ocrx_word' id='word_1_151' title='bbox 382 1659 470 1728; x_wconf 86' lang='lat' dir='ltr'><strong>silvas,</strong></span> <span class='ocrx_word' id='word_1_152' title='bbox 484 1667 614 1726; x_wconf 87' lang='lat' dir='ltr'><strong>armenta,</strong></span> <span class='ocrx_word' id='word_1_153' title='bbox 628 1657 752 1723; x_wconf 89' lang='lat' dir='ltr'><strong>virosque</strong></span> 
     </span>
     <span class='ocr_line' id='line_1_23' title="bbox 115 1726 812 1798; baseline 0 -19"><span class='ocrx_word' id='word_1_154' title='bbox 115 1728 258 1781; x_wconf 85' lang='lat' dir='ltr'><strong>Involvens</strong></span> <span class='ocrx_word' id='word_1_155' title='bbox 270 1747 363 1782; x_wconf 85' lang='lat' dir='ltr'><strong>aecum</strong></span> <span class='ocrx_word' id='word_1_156' title='bbox 375 1747 380 1784; x_wconf 92' lang='lat'>:</span> <span class='ocrx_word' id='word_1_157' title='bbox 399 1728 513 1798; x_wconf 84' lang='lat' dir='ltr'><strong>disjecta</strong></span> <span class='ocrx_word' id='word_1_158' title='bbox 525 1745 573 1796; x_wconf 87' lang='lat' dir='ltr'><strong>per</strong></span> <span class='ocrx_word' id='word_1_159' title='bbox 585 1726 693 1795; x_wconf 84' lang='lat' dir='ltr'><strong>agmina</strong></span> <span class='ocrx_word' id='word_1_160' title='bbox 704 1727 812 1779; x_wconf 87' lang='lat' dir='ltr'><strong>Turnus</strong></span> 
     </span>
     <span class='ocr_line' id='line_1_24' title="bbox 114 1795 997 1868; baseline -0.003 -20"><span class='ocrx_word' id='word_1_161' title='bbox 114 1797 157 1849; x_wconf 87' lang='lat' dir='ltr'><strong>Sic</strong></span> <span class='ocrx_word' id='word_1_162' title='bbox 170 1799 242 1850; x_wconf 85' lang='lat' dir='ltr'><strong>urbis</strong></span> <span class='ocrx_word' id='word_1_163' title='bbox 256 1800 306 1851; x_wconf 90' lang='lat' dir='ltr'><strong>ruit</strong></span> <span class='ocrx_word' id='word_1_164' title='bbox 318 1799 352 1851; x_wconf 90' lang='lat' dir='ltr'><strong>ad</strong></span> <span class='ocrx_word' id='word_1_165' title='bbox 367 1817 464 1868; x_wconf 92' lang='lat' dir='ltr'><strong>muros,</strong></span> <span class='ocrx_word' id='word_1_166' title='bbox 478 1798 524 1851; x_wconf 94' lang='lat' dir='ltr'><strong>ubi</strong></span> <span class='ocrx_word' id='word_1_167' title='bbox 537 1797 653 1865; x_wconf 90' lang='lat' dir='ltr'><strong>plurima</strong></span> <span class='ocrx_word' id='word_1_168' title='bbox 665 1795 723 1848; x_wconf 85' lang='lat' dir='ltr'><strong>fuso</strong></span> <span class='ocrx_word' id='word_1_169' title='bbox 917 1797 968 1846; x_wconf 89' lang='grc'><strong>690</strong></span> <span class='ocrx_word' id='word_1_170' title='bbox 993 1808 997 1814; x_wconf 93' lang='grc'>·</span> 
     </span>
     <span class='ocr_line' id='line_1_25' title="bbox 114 1865 886 1935; baseline -0.001 -17"><span class='ocrx_word' id='word_1_171' title='bbox 114 1867 248 1933; x_wconf 83' lang='lat' dir='ltr'><strong>Sanguine</strong></span> <span class='ocrx_word' id='word_1_172' title='bbox 262 1876 330 1920; x_wconf 87' lang='lat' dir='ltr'><strong>terra</strong></span> <span class='ocrx_word' id='word_1_173' title='bbox 342 1869 442 1935; x_wconf 88' lang='lat' dir='ltr'><strong>madet,</strong></span> <span class='ocrx_word' id='word_1_174' title='bbox 456 1867 623 1934; x_wconf 88' lang='lat' dir='ltr'><strong>striduntque</strong></span> <span class='ocrx_word' id='word_1_175' title='bbox 637 1865 778 1918; x_wconf 86' lang='lat' dir='ltr'><strong>hastilibus</strong></span> <span class='ocrx_word' id='word_1_176' title='bbox 790 1880 886 1933; x_wconf 71' lang='lat' dir='ltr'><strong>aurae,</strong></span> 
     </span>
     <span class='ocr_line' id='line_1_26' title="bbox 115 1934 825 2005; baseline -0.001 -17"><span class='ocrx_word' id='word_1_177' title='bbox 115 1937 304 2005; x_wconf 85' lang='lat' dir='ltr'><strong>Significatque</strong></span> <span class='ocrx_word' id='word_1_178' title='bbox 317 1955 406 2003; x_wconf 89' lang='lat' dir='ltr'><strong>manu,</strong></span> <span class='ocrx_word' id='word_1_179' title='bbox 421 1945 448 1989; x_wconf 92' lang='lat' dir='ltr'><strong>et</strong></span> <span class='ocrx_word' id='word_1_180' title='bbox 460 1953 558 2004; x_wconf 83' lang='lat' dir='ltr'><strong>magno</strong></span> <span class='ocrx_word' id='word_1_181' title='bbox 571 1934 650 1988; x_wconf 88' lang='lat' dir='ltr'><strong>simul</strong></span> <span class='ocrx_word' id='word_1_182' title='bbox 663 1934 755 2005; x_wconf 86' lang='lat' dir='ltr'><strong>incipit</strong></span> <span class='ocrx_word' id='word_1_183' title='bbox 767 1950 825 1989; x_wconf 83' lang='lat' dir='ltr'><strong>ore:</strong></span> 
     </span>
     <span class='ocr_line' id='line_1_27' title="bbox 116 2004 850 2076; baseline -0.003 -18"><span class='ocrx_word' id='word_1_184' title='bbox 116 2007 236 2059; x_wconf 88' lang='lat' dir='ltr'><strong>‘Parcite</strong></span> <span class='ocrx_word' id='word_1_185' title='bbox 247 2006 312 2076; x_wconf 84' lang='lat' dir='ltr'><strong>jam,</strong></span> <span class='ocrx_word' id='word_1_186' title='bbox 326 2006 425 2075; x_wconf 85' lang='lat' dir='ltr'><strong>Rutuli,</strong></span> <span class='ocrx_word' id='word_1_187' title='bbox 439 2020 466 2060; x_wconf 86' lang='lat' dir='ltr'><strong>et</strong></span> <span class='ocrx_word' id='word_1_188' title='bbox 478 2023 527 2059; x_wconf 89' lang='lat' dir='ltr'><strong>vos</strong></span> <span class='ocrx_word' id='word_1_189' title='bbox 540 2004 593 2058; x_wconf 86' lang='lat' dir='ltr'><strong>tela</strong></span> <span class='ocrx_word' id='word_1_190' title='bbox 605 2004 733 2074; x_wconf 91' lang='lat' dir='ltr'><strong>inhibete,</strong></span> <span class='ocrx_word' id='word_1_191' title='bbox 747 2004 834 2057; x_wconf 90' lang='lat' dir='ltr'><strong>Latini</strong></span> <span class='ocrx_word' id='word_1_192' title='bbox 842 2020 850 2074; x_wconf 93' lang='grc'><strong><em>5</em></strong></span> 
     </span>
     <span class='ocr_line' id='line_1_28' title="bbox 114 2074 906 2146; baseline 0 -18"><span class='ocrx_word' id='word_1_193' title='bbox 114 2076 308 2146; x_wconf 79' lang='lat' dir='ltr'><strong>Quaecumque</strong></span> <span class='ocrx_word' id='word_1_194' title='bbox 321 2086 362 2129; x_wconf 85' lang='lat' dir='ltr'><strong>cst</strong></span> <span class='ocrx_word' id='word_1_195' title='bbox 374 2077 499 2146; x_wconf 82' lang='lat' dir='ltr'><strong>Fortuna,</strong></span> <span class='ocrx_word' id='word_1_196' title='bbox 511 2093 574 2129; x_wconf 90' lang='lat' dir='ltr'><strong>mea</strong></span> <span class='ocrx_word' id='word_1_197' title='bbox 586 2083 642 2142; x_wconf 78' lang='lat' dir='ltr'><strong>est,</strong></span> <span class='ocrx_word' id='word_1_198' title='bbox 660 2091 706 2128; x_wconf 90' lang='lat' dir='ltr'><strong>me</strong></span> <span class='ocrx_word' id='word_1_199' title='bbox 718 2074 808 2128; x_wconf 88' lang='lat' dir='ltr'><strong>verius</strong></span> <span class='ocrx_word' id='word_1_200' title='bbox 820 2089 906 2128; x_wconf 88' lang='lat' dir='ltr'><strong>unum</strong></span> 
     </span>
     <span class='ocr_line' id='line_1_29' title="bbox 114 2143 968 2216; baseline -0.005 -17"><span class='ocrx_word' id='word_1_201' title='bbox 114 2147 164 2199; x_wconf 91' lang='lat' dir='ltr'><strong>Pro</strong></span> <span class='ocrx_word' id='word_1_202' title='bbox 178 2146 252 2200; x_wconf 88' lang='lat' dir='ltr'><strong>vobis</strong></span> <span class='ocrx_word' id='word_1_203' title='bbox 264 2147 360 2201; x_wconf 82' lang='lat' dir='ltr'><strong>foedus</strong></span> <span class='ocrx_word' id='word_1_204' title='bbox 372 2147 453 2216; x_wconf 91' lang='lat' dir='ltr'><strong>luere,</strong></span> <span class='ocrx_word' id='word_1_205' title='bbox 467 2156 495 2200; x_wconf 92' lang='lat' dir='ltr'><strong>et</strong></span> <span class='ocrx_word' id='word_1_206' title='bbox 506 2147 652 2198; x_wconf 88' lang='lat' dir='ltr'><strong>decernere</strong></span> <span class='ocrx_word' id='word_1_207' title='bbox 664 2143 751 2199; x_wconf 73' lang='lat' dir='ltr'><strong>ferro.²</strong></span> <span class='ocrx_word' id='word_1_208' title='bbox 917 2145 968 2196; x_wconf 81' lang='lat'><strong>695</strong></span> 
     </span>
     <span class='ocr_line' id='line_1_30' title="bbox 115 2212 793 2286; baseline -0.001 -17"><span class='ocrx_word' id='word_1_209' title='bbox 115 2218 270 2269; x_wconf 87' lang='lat' dir='ltr'><strong>Discessere</strong></span> <span class='ocrx_word' id='word_1_210' title='bbox 283 2234 377 2271; x_wconf 86' lang='lat' dir='ltr'><strong>ornnes</strong></span> <span class='ocrx_word' id='word_1_211' title='bbox 388 2217 482 2283; x_wconf 88' lang='lat' dir='ltr'><strong>medii,</strong></span> <span class='ocrx_word' id='word_1_212' title='bbox 496 2217 669 2286; x_wconf 84' lang='lat' dir='ltr'><strong>spatiumque</strong></span> <span class='ocrx_word' id='word_1_213' title='bbox 682 2212 793 2269; x_wconf 87' lang='lat' dir='ltr'><strong>dedere.</strong></span> 
     </span>
    </p>

    <p class='ocr_par' dir='ltr' id='par_1_6' title="bbox 115 2285 970 2991">
     <span class='ocr_line' id='line_1_31' title="bbox 149 2285 731 2356; baseline -0.005 -16"><span class='ocrx_word' id='word_1_214' title='bbox 149 2289 185 2340; x_wconf 93' lang='lat' dir='ltr'><strong>At</strong></span> <span class='ocrx_word' id='word_1_215' title='bbox 198 2297 273 2356; x_wconf 88' lang='lat' dir='ltr'><strong>pater</strong></span> <span class='ocrx_word' id='word_1_216' title='bbox 285 2291 401 2356; x_wconf 87' lang='lat' dir='ltr'><strong>Aeneas,</strong></span> <span class='ocrx_word' id='word_1_217' title='bbox 415 2287 506 2341; x_wconf 88' lang='lat' dir='ltr'><strong>audito</strong></span> <span class='ocrx_word' id='word_1_218' title='bbox 519 2287 626 2339; x_wconf 89' lang='lat' dir='ltr'><strong>nominc</strong></span> <span class='ocrx_word' id='word_1_219' title='bbox 639 2285 731 2354; x_wconf 85' lang='lat' dir='ltr'><strong>Turni,</strong></span> 
     </span>
     <span class='ocr_line' id='line_1_32' title="bbox 115 2354 751 2427; baseline 0.003 -20"><span class='ocrx_word' id='word_1_220' title='bbox 115 2357 221 2409; x_wconf 87' lang='lat' dir='ltr'><strong>Deserit</strong></span> <span class='ocrx_word' id='word_1_221' title='bbox 233 2368 260 2410; x_wconf 93' lang='lat' dir='ltr'><strong>et</strong></span> <span class='ocrx_word' id='word_1_222' title='bbox 271 2374 370 2427; x_wconf 91' lang='lat' dir='ltr'><strong>muros,</strong></span> <span class='ocrx_word' id='word_1_223' title='bbox 383 2367 411 2410; x_wconf 91' lang='lat' dir='ltr'><strong>et</strong></span> <span class='ocrx_word' id='word_1_224' title='bbox 423 2373 545 2411; x_wconf 85' lang='lat' dir='ltr'><strong>summas</strong></span> <span class='ocrx_word' id='word_1_225' title='bbox 556 2354 656 2408; x_wconf 84' lang='lat' dir='ltr'><strong>deserit</strong></span> <span class='ocrx_word' id='word_1_226' title='bbox 667 2372 751 2426; x_wconf 86' lang='lat' dir='ltr'><strong>arces,</strong></span> 
     </span>
     <span class='ocr_line' id='line_1_33' title="bbox 115 2419 855 2497; baseline 0.003 -19"><span class='ocrx_word' id='word_1_227' title='bbox 115 2427 329 2497; x_wconf 86' lang='lat' dir='ltr'><strong>Praecipitatque</strong></span> <span class='ocrx_word' id='word_1_228' title='bbox 342 2444 431 2481; x_wconf 90' lang='lat' dir='ltr'><strong>moras</strong></span> <span class='ocrx_word' id='word_1_229' title='bbox 443 2427 539 2496; x_wconf 76' lang='lat' dir='ltr'><strong>omnia,</strong></span> <span class='ocrx_word' id='word_1_230' title='bbox 552 2442 634 2495; x_wconf 87' lang='lat' dir='ltr'><strong>opera</strong></span> <span class='ocrx_word' id='word_1_231' title='bbox 645 2419 736 2479; x_wconf 73' lang='lat' dir='ltr'><strong>omnia</strong></span> <span class='ocrx_word' id='word_1_232' title='bbox 748 2425 855 2496; x_wconf 88' lang='lat' dir='ltr'><strong>rumpit,</strong></span> 
     </span>
     <span class='ocr_line' id='line_1_34' title="bbox 115 2496 970 2568; baseline 0.001 -20"><span class='ocrx_word' id='word_1_233' title='bbox 115 2498 229 2550; x_wconf 89' lang='lat' dir='ltr'><strong>Laetitia</strong></span> <span class='ocrx_word' id='word_1_234' title='bbox 242 2498 385 2568; x_wconf 85' lang='lat' dir='ltr'><strong>exsultans,</strong></span> <span class='ocrx_word' id='word_1_235' title='bbox 399 2497 615 2565; x_wconf 89' lang='lat' dir='ltr'><strong>horrendumque</strong></span> <span class='ocrx_word' id='word_1_236' title='bbox 627 2496 730 2551; x_wconf 86' lang='lat' dir='ltr'><strong>intonat</strong></span> <span class='ocrx_word' id='word_1_237' title='bbox 741 2496 838 2550; x_wconf 87' lang='lat' dir='ltr'><strong>armis:</strong></span> <span class='ocrx_word' id='word_1_238' title='bbox 918 2500 970 2550; x_wconf 90' lang='grc'><strong>700</strong></span> 
     </span>
     <span class='ocr_line' id='line_1_35' title="bbox 115 2566 894 2645; baseline 0.003 -27"><span class='ocrx_word' id='word_1_239' title='bbox 115 2567 237 2624; x_wconf 71' lang='lat' dir='ltr'><strong>Qurrrrtus</strong></span> <span class='ocrx_word' id='word_1_240' title='bbox 248 2568 341 2637; x_wconf 86' lang='lat' dir='ltr'><strong>Athos,</strong></span> <span class='ocrx_word' id='word_1_241' title='bbox 354 2577 400 2621; x_wconf 84' lang='lat' dir='ltr'><strong>aut</strong></span> <span class='ocrx_word' id='word_1_242' title='bbox 413 2576 530 2638; x_wconf 82' lang='lat' dir='ltr'><strong>quantus</strong></span> <span class='ocrx_word' id='word_1_243' title='bbox 542 2568 622 2636; x_wconf 88' lang='lat' dir='ltr'><strong>Eryx,</strong></span> <span class='ocrx_word' id='word_1_244' title='bbox 635 2575 682 2620; x_wconf 87' lang='lat' dir='ltr'><strong>aut</strong></span> <span class='ocrx_word' id='word_1_245' title='bbox 695 2567 762 2645; x_wconf 88' lang='lat' dir='ltr'><strong>ipse,</strong></span> <span class='ocrx_word' id='word_1_246' title='bbox 775 2566 894 2621; x_wconf 80' lang='lat' dir='ltr'><strong>coruscis</strong></span> 
     </span>
     <span class='ocr_line' id='line_1_36' title="bbox 116 2635 813 2706; baseline -0.001 -18"><span class='ocrx_word' id='word_1_247' title='bbox 116 2638 182 2688; x_wconf 91' lang='lat' dir='ltr'><strong>Cum</strong></span> <span class='ocrx_word' id='word_1_248' title='bbox 197 2637 286 2690; x_wconf 86' lang='lat' dir='ltr'><strong>fremit</strong></span> <span class='ocrx_word' id='word_1_249' title='bbox 298 2637 414 2706; x_wconf 91' lang='lat' dir='ltr'><strong>ilicibus,</strong></span> <span class='ocrx_word' id='word_1_250' title='bbox 428 2647 552 2706; x_wconf 87' lang='lat' dir='ltr'><strong>quantus,</strong></span> <span class='ocrx_word' id='word_1_251' title='bbox 565 2635 719 2704; x_wconf 87' lang='lat' dir='ltr'><strong>gaudetque</strong></span> <span class='ocrx_word' id='word_1_252' title='bbox 731 2635 813 2688; x_wconf 89' lang='lat' dir='ltr'><strong>nrvali</strong></span> 
     </span>
     <span class='ocr_line' id='line_1_37' title="bbox 116 2704 812 2775; baseline 0.001 -19"><span class='ocrx_word' id='word_1_253' title='bbox 116 2706 224 2759; x_wconf 90' lang='lat' dir='ltr'><strong>Vertioe</strong></span> <span class='ocrx_word' id='word_1_254' title='bbox 237 2723 266 2758; x_wconf 88' lang='lat' dir='ltr'><strong>se</strong></span> <span class='ocrx_word' id='word_1_255' title='bbox 280 2706 405 2759; x_wconf 81' lang='lat' dir='ltr'><strong>attollens</strong></span> <span class='ocrx_word' id='word_1_256' title='bbox 416 2717 493 2775; x_wconf 88' lang='lat' dir='ltr'><strong>pater</strong></span> <span class='ocrx_word' id='word_1_257' title='bbox 505 2706 665 2774; x_wconf 88' lang='lat' dir='ltr'><strong>Apenninus</strong></span> <span class='ocrx_word' id='word_1_258' title='bbox 676 2704 711 2756; x_wconf 90' lang='lat' dir='ltr'><strong>ad</strong></span> <span class='ocrx_word' id='word_1_259' title='bbox 724 2721 812 2757; x_wconf 87' lang='lat' dir='ltr'><strong>auras.</strong></span> 
     </span>
     <span class='ocr_line' id='line_1_38' title="bbox 116 2774 814 2829; baseline -0.003 -1"><span class='ocrx_word' id='word_1_260' title='bbox 116 2777 176 2828; x_wconf 91' lang='lat' dir='ltr'><strong>Jam</strong></span> <span class='ocrx_word' id='word_1_261' title='bbox 191 2790 253 2827; x_wconf 90' lang='lat' dir='ltr'><strong>vero</strong></span> <span class='ocrx_word' id='word_1_262' title='bbox 266 2784 292 2828; x_wconf 90' lang='lat' dir='ltr'><strong>et</strong></span> <span class='ocrx_word' id='word_1_263' title='bbox 304 2775 395 2829; x_wconf 86' lang='lat' dir='ltr'><strong>Rutuli</strong></span> <span class='ocrx_word' id='word_1_264' title='bbox 408 2774 532 2827; x_wconf 90' lang='lat' dir='ltr'><strong>certatim</strong></span> <span class='ocrx_word' id='word_1_265' title='bbox 544 2783 572 2826; x_wconf 95' lang='lat' dir='ltr'><strong>et</strong></span> <span class='ocrx_word' id='word_1_266' title='bbox 584 2775 668 2826; x_wconf 78' lang='lat' dir='ltr'><strong>Troes</strong></span> <span class='ocrx_word' id='word_1_267' title='bbox 679 2782 707 2826; x_wconf 89' lang='lat' dir='ltr'><strong>ot</strong></span> <span class='ocrx_word' id='word_1_268' title='bbox 718 2789 814 2826; x_wconf 89' lang='lat' dir='ltr'><strong>omnes</strong></span> 
     </span>
     <span class='ocr_line' id='line_1_39' title="bbox 117 2842 970 2914; baseline -0.001 -18"><span class='ocrx_word' id='word_1_269' title='bbox 117 2847 276 2898; x_wconf 85' lang='lat' dir='ltr'><strong>Convertere</strong></span> <span class='ocrx_word' id='word_1_270' title='bbox 289 2845 381 2898; x_wconf 91' lang='lat' dir='ltr'><strong>oculos</strong></span> <span class='ocrx_word' id='word_1_271' title='bbox 392 2845 460 2914; x_wconf 91' lang='lat' dir='ltr'><strong>ltali,</strong></span> <span class='ocrx_word' id='word_1_272' title='bbox 474 2844 573 2913; x_wconf 86' lang='lat' dir='ltr'><strong>quique</strong></span> <span class='ocrx_word' id='word_1_273' title='bbox 585 2843 641 2895; x_wconf 87' lang='lat' dir='ltr'><strong>alta</strong></span> <span class='ocrx_word' id='word_1_274' title='bbox 652 2842 779 2896; x_wconf 88' lang='lat' dir='ltr'><strong>terrebant</strong></span> <span class='ocrx_word' id='word_1_275' title='bbox 872 2890 881 2903; x_wconf 84' lang='lat'>.</span> <span class='ocrx_word' id='word_1_276' title='bbox 920 2847 970 2897; x_wconf 84' lang='lat'><strong>705</strong></span> 
     </span>
     <span class='ocr_line' id='line_1_40' title="bbox 117 2913 788 2991; baseline -0.003 -24"><span class='ocrx_word' id='word_1_277' title='bbox 117 2915 240 2984; x_wconf 84' lang='lat' dir='ltr'><strong>Moenia,</strong></span> <span class='ocrx_word' id='word_1_278' title='bbox 249 2914 349 2991; x_wconf 89' lang='lat' dir='ltr'><strong>quique</strong></span> <span class='ocrx_word' id='word_1_279' title='bbox 362 2914 430 2967; x_wconf 89' lang='lat' dir='ltr'><strong>imos</strong></span> <span class='ocrx_word' id='word_1_280' title='bbox 440 2914 582 2984; x_wconf 85' lang='lat' dir='ltr'><strong>pulsabant</strong></span> <span class='ocrx_word' id='word_1_281' title='bbox 594 2913 677 2965; x_wconf 87' lang='lat' dir='ltr'><strong>ariete</strong></span> <span class='ocrx_word' id='word_1_282' title='bbox 691 2929 788 2984; x_wconf 85' lang='lat' dir='ltr'><strong>muros,</strong></span> 
     </span>
    </p>
   </div>
   <div class='ocr_carea' id='block_1_4' title="bbox 53 3032 213 3041">
    <p class='ocr_par' dir='ltr' id='par_1_7' title="bbox 53 3032 213 3041">
     <span class='ocr_line' id='line_1_41' title="bbox 53 3032 213 3041; baseline -0.019 0"><span class='ocrx_word' id='word_1_283' title='bbox 53 3032 213 3041; x_wconf 67' lang='lat'><em>..———--</em></span> 
     </span>
    </p>
   </div>
   <div class='ocr_carea' id='block_1_5' title="bbox 47 3070 972 3438">
    <p class='ocr_par' dir='ltr' id='par_1_8' title="bbox 47 3070 972 3438">
     <span class='ocr_line' id='line_1_42' title="bbox 76 3070 971 3141; baseline 0.001 -13"><span class='ocrx_word' id='word_1_284' title='bbox 76 3085 129 3131; x_wconf 86' lang='grc'>673.</span> <span class='ocrx_word' id='word_1_285' title='bbox 152 3070 240 3129; x_wconf 81' lang='lat' dir='ltr'><strong>Vorta&#39;a</strong></span> <span class='ocrx_word' id='word_1_286' title='bbox 251 3081 321 3141; x_wconf 85' lang='lat' dir='ltr'><strong>ignis.</strong></span> <span class='ocrx_word' id='word_1_287' title='bbox 329 3083 420 3126; x_wconf 83' lang='grc'>-600,</span> <span class='ocrx_word' id='word_1_288' title='bbox 437 3079 651 3139; x_wconf 83' lang='lat' dir='ltr'><strong>Furerefurorem.</strong></span> <span class='ocrx_word' id='word_1_289' title='bbox 684 3079 785 3140; x_wconf 86' lang='lat' dir='ltr'><strong>Zumpt,</strong></span> <span class='ocrx_word' id='word_1_290' title='bbox 797 3079 810 3132; x_wconf 71' lang='lat' dir='ltr'><strong>b</strong></span> <span class='ocrx_word' id='word_1_291' title='bbox 822 3082 971 3129; x_wconf 67' lang='lat' dir='ltr'><strong>aaa-694.</strong></span> 
     </span>
     <span class='ocr_line' id='line_1_43' title="bbox 55 3137 972 3198; baseline -0.002 -9"><span class='ocrx_word' id='word_1_292' title='bbox 55 3142 148 3190; x_wconf 78' lang='lat' dir='ltr'><strong>Verius.</strong></span> <span class='ocrx_word' id='word_1_293' title='bbox 187 3139 263 3188; x_wconf 80' lang='lat' dir='ltr'><strong>Verus</strong></span> <span class='ocrx_word' id='word_1_294' title='bbox 275 3141 296 3188; x_wconf 85' lang='lat' dir='ltr'><strong>is</strong></span> <span class='ocrx_word' id='word_1_295' title='bbox 307 3139 373 3188; x_wconf 87' lang='lat' dir='ltr'><strong>often</strong></span> <span class='ocrx_word' id='word_1_296' title='bbox 384 3138 445 3186; x_wconf 86' lang='lat' dir='ltr'><strong>used</strong></span> <span class='ocrx_word' id='word_1_297' title='bbox 457 3139 481 3186; x_wconf 93' lang='lat' dir='ltr'><strong>in</strong></span> <span class='ocrx_word' id='word_1_298' title='bbox 492 3139 534 3186; x_wconf 89' lang='lat' dir='ltr'><strong>the</strong></span> <span class='ocrx_word' id='word_1_299' title='bbox 545 3153 617 3185; x_wconf 86' lang='lat' dir='ltr'><strong>senso</strong></span> <span class='ocrx_word' id='word_1_300' title='bbox 629 3137 761 3198; x_wconf 80' lang='lat' dir='ltr'><strong>osjust-</strong></span> <span class='ocrx_word' id='word_1_301' title='bbox 769 3144 821 3189; x_wconf 87' lang='lat'><strong>701.</strong></span> <span class='ocrx_word' id='word_1_302' title='bbox 839 3140 939 3188; x_wconf 84' lang='lat' dir='ltr'><strong>Aeneas</strong></span> <span class='ocrx_word' id='word_1_303' title='bbox 951 3142 972 3188; x_wconf 81' lang='lat' dir='ltr'><strong>is</strong></span> 
     </span>
     <span class='ocr_line' id='line_1_44' title="bbox 47 3197 971 3260; baseline -0.004 -10"><span class='ocrx_word' id='word_1_304' title='bbox 47 3200 177 3260; x_wconf 83' lang='lat' dir='ltr'><strong>compared</strong></span> <span class='ocrx_word' id='word_1_305' title='bbox 189 3211 214 3249; x_wconf 92' lang='lat' dir='ltr'><strong>to</strong></span> <span class='ocrx_word' id='word_1_306' title='bbox 225 3200 310 3258; x_wconf 73' lang='lat' dir='ltr'><strong>Athea,</strong></span> <span class='ocrx_word' id='word_1_307' title='bbox 324 3199 365 3247; x_wconf 90' lang='lat' dir='ltr'><strong>the</strong></span> <span class='ocrx_word' id='word_1_308' title='bbox 377 3198 504 3247; x_wconf 86' lang='lat' dir='ltr'><strong>mountain</strong></span> <span class='ocrx_word' id='word_1_309' title='bbox 514 3197 595 3246; x_wconf 88' lang='lat' dir='ltr'><strong>which</strong></span> <span class='ocrx_word' id='word_1_310' title='bbox 607 3198 682 3247; x_wconf 83' lang='lat' dir='ltr'><strong>lorms</strong></span> <span class='ocrx_word' id='word_1_311' title='bbox 693 3199 735 3247; x_wconf 88' lang='lat' dir='ltr'><strong>the</strong></span> <span class='ocrx_word' id='word_1_312' title='bbox 746 3200 879 3260; x_wconf 85' lang='lat' dir='ltr'><strong>extremity</strong></span> <span class='ocrx_word' id='word_1_313' title='bbox 889 3198 918 3247; x_wconf 88' lang='lat' dir='ltr'><strong>of</strong></span> <span class='ocrx_word' id='word_1_314' title='bbox 929 3198 971 3246; x_wconf 86' lang='lat' dir='ltr'><strong>the</strong></span> 
     </span>
     <span class='ocr_line' id='line_1_45' title="bbox 47 3256 970 3322; baseline -0.002 -14"><span class='ocrx_word' id='word_1_315' title='bbox 47 3271 204 3322; x_wconf 82' lang='lat' dir='ltr'><strong>promontory</strong></span> <span class='ocrx_word' id='word_1_316' title='bbox 215 3259 243 3307; x_wconf 85' lang='lat' dir='ltr'><strong>ol</strong></span> <span class='ocrx_word' id='word_1_317' title='bbox 256 3260 321 3307; x_wconf 89' lang='lat' dir='ltr'><strong>Acte</strong></span> <span class='ocrx_word' id='word_1_318' title='bbox 333 3258 357 3305; x_wconf 94' lang='lat' dir='ltr'><strong>in</strong></span> <span class='ocrx_word' id='word_1_319' title='bbox 374 3256 534 3315; x_wconf 83' lang='lat' dir='ltr'><strong>Macedonia3</strong></span> <span class='ocrx_word' id='word_1_320' title='bbox 552 3267 577 3305; x_wconf 90' lang='lat' dir='ltr'><strong>to</strong></span> <span class='ocrx_word' id='word_1_321' title='bbox 588 3257 666 3320; x_wconf 79' lang='lat' dir='ltr'><strong>Erya,</strong></span> <span class='ocrx_word' id='word_1_322' title='bbox 680 3259 695 3307; x_wconf 89' lang='lat' dir='ltr'><strong>i.</strong></span> <span class='ocrx_word' id='word_1_323' title='bbox 708 3263 767 3316; x_wconf 87' lang='lat'><strong>570;</strong></span> <span class='ocrx_word' id='word_1_324' title='bbox 785 3259 832 3308; x_wconf 86' lang='lat' dir='ltr'><strong>arrd</strong></span> <span class='ocrx_word' id='word_1_325' title='bbox 848 3269 874 3307; x_wconf 91' lang='lat' dir='ltr'><strong>to</strong></span> <span class='ocrx_word' id='word_1_326' title='bbox 889 3258 970 3321; x_wconf 79' lang='lat' dir='ltr'><strong>Apen-</strong></span> 
     </span>
     <span class='ocr_line' id='line_1_46' title="bbox 47 3317 971 3378; baseline -0.002 -8"><span class='ocrx_word' id='word_1_327' title='bbox 47 3323 132 3376; x_wconf 75' lang='lat' dir='ltr'><strong>ninus,</strong></span> <span class='ocrx_word' id='word_1_328' title='bbox 146 3320 178 3368; x_wconf 86' lang='lat' dir='ltr'><strong>xi.</strong></span> <span class='ocrx_word' id='word_1_329' title='bbox 190 3324 242 3370; x_wconf 88' lang='grc'>700.</span> <span class='ocrx_word' id='word_1_330' title='bbox 273 3318 351 3367; x_wconf 86' lang='lat' dir='ltr'><strong>Pater</strong></span> <span class='ocrx_word' id='word_1_331' title='bbox 359 3317 478 3366; x_wconf 83' lang='lat' dir='ltr'><strong>indicates</strong></span> <span class='ocrx_word' id='word_1_332' title='bbox 489 3317 552 3366; x_wconf 87' lang='lat' dir='ltr'><strong>their</strong></span> <span class='ocrx_word' id='word_1_333' title='bbox 563 3317 769 3376; x_wconf 88' lang='lat' dir='ltr'><strong>personification.</strong></span> <span class='ocrx_word' id='word_1_334' title='bbox 801 3319 836 3368; x_wconf 87' lang='lat' dir='ltr'><strong>So</strong></span> <span class='ocrx_word' id='word_1_335' title='bbox 846 3319 929 3378; x_wconf 71' lang='lat' dir='ltr'><strong>Atlas,</strong></span> <span class='ocrx_word' id='word_1_336' title='bbox 939 3318 971 3368; x_wconf 86' lang='lat' dir='ltr'><strong>iv.</strong></span> 
     </span>
     <span class='ocr_line' id='line_1_47' title="bbox 47 3377 680 3438; baseline -0.002 -10"><span class='ocrx_word' id='word_1_337' title='bbox 47 3385 102 3428; x_wconf 78' lang='lat'><strong>247.</strong></span> <span class='ocrx_word' id='word_1_338' title='bbox 110 3382 199 3429; x_wconf 85' lang='grc'>-706,</span> <span class='ocrx_word' id='word_1_339' title='bbox 218 3378 360 3427; x_wconf 91' lang='lat' dir='ltr'><strong>Pronounce</strong></span> <span class='ocrx_word' id='word_1_340' title='bbox 371 3387 460 3438; x_wconf 78' lang='lat' dir='ltr'><strong>oryete,</strong></span> <span class='ocrx_word' id='word_1_341' title='bbox 474 3377 542 3426; x_wconf 90' lang='lat' dir='ltr'><strong>three</strong></span> <span class='ocrx_word' id='word_1_342' title='bbox 554 3377 680 3437; x_wconf 81' lang='lat' dir='ltr'><strong>syllables.</strong></span> 
     </span>
    </p>
   </div>
   <div class='ocr_carea' id='block_1_6' title="bbox 0 0 1052 3622">
    <p class='ocr_par' dir='ltr' id='par_1_9' title="bbox 0 0 1052 3622">
     <span class='ocr_line' id='line_1_48' title="bbox 0 0 1052 3622; baseline 0 0"><span class='ocrx_word' id='word_1_343' title='bbox 0 0 1052 3622; x_wconf 95' lang='lat' dir='ltr'><strong> </strong></span> 
     </span>
    </p>
   </div>
  </div>
 </body>
</html>
