2078 3622
448 144 607 183 AENEIDOS.

136 270 288 325 Transabiit
299 281 388 325 costes
399 280 425 324 et
438 270 551 323 candida
563 280 670 337 pectora
682 270 788 338 rumpit.

136 340 256 393 Volvitur
269 340 402 409 Euryalus
414 342 474 405 leto,
488 339 666 408 pulchrosque
680 358 727 408 per
738 349 812 392 artus

136 409 160 461 It
173 426 255 478 cruor,
269 411 349 478 inque
362 410 488 462 humeros
500 410 590 461 cervix
602 409 720 477 collapsa
734 407 880 461 recumbit:

137 479 289 547 Purpureus
301 479 384 532 veluti
397 498 459 531 cnm
473 480 522 530 llos
535 480 655 530 atrocisus
667 488 751 530 aratro
935 479 984 529 43!

137 547 298 615 Langueseit
311 550 427 601 moriens
440 551 543 600 lassove
556 566 691 615 papavera
703 548 770 599 collo

136 616 275 669 Demisere
287 628 375 685 eaput,
390 619 482 685 pluvia
494 635 557 669 cum
571 616 636 668 sorte
648 626 798 684 gravantur.

118 687 172 751 ‘At
184 686 265 738 Nisus
278 689 328 740 ruit
342 688 366 740 in
380 688 491 753 medios,
505 686 645 754 solumque
659 686 803 755 peremnis

138 754 307 809 Volscentem
322 758 403 823 petit3
425 759 449 808 in
462 757 517 807 solo
531 757 673 807 Volsoente
687 764 811 809 moratur.

136 823 224 944 Querp
242 825 344 879 circum
367 826 507 894 glomerati
531 825 621 877 hostes
644 825 707 877 hinc
730 823 882 876 comminus
903 831 987 943 atqup)

224 893 266 945 inc
934 896 967 946 tt

136 961 300 1016 Proturbant.
338 966 419 1017 Instat
432 981 483 1016 non
496 963 592 1029 secius,
606 979 638 1014 ac
651 971 717 1014 rotat
730 979 824 1015 ensem

136 1031 315 1101 Fulmineum,
329 1034 414 1085 eloneo
426 1034 516 1086 Rutuli
528 1033 669 1085 clamantis
681 1033 706 1084 in
719 1049 763 1084 ore

135 1100 257 1153 Condidit
269 1102 389 1171 adverso,
403 1113 430 1155 et
443 1104 560 1155 moriens
571 1101 691 1153 animam
702 1100 813 1154 abstulit
826 1099 904 1152 hosti.

135 1170 206 1222 Tum
219 1187 299 1240 super
311 1174 468 1226 exanimum
481 1189 541 1224 sese
554 1170 664 1241 projecit
676 1171 797 1223 amioum

135 1239 286 1310 molossus,
300 1242 457 1312 placidaque
470 1243 506 1295 ihi
518 1242 629 1294 demum
643 1250 727 1293 morte
740 1239 851 1308 quievit.
932 1240 985 1290 445

170 1308 305 1362 Fortunati
316 1311 412 1365 ambo!
435 1312 457 1364 si
470 1311 532 1380 quid
546 1328 608 1364 mea
620 1312 739 1363 carmina
751 1315 868 1377 possunt,

134 1378 216 1430 Nulla
228 1378 288 1431 dies
299 1397 429 1449 umquam
441 1382 554 1433 memori
568 1397 614 1433 vos
627 1381 728 1432 eximet
740 1394 816 1446 aevo,

135 1446 205 1499 Dum
219 1447 315 1501 domus
326 1454 437 1503 Aeneae
449 1450 560 1519 Capitoli
572 1450 710 1501 immobile
722 1465 819 1501 saxum

134 1517 253 1585 Accolet,
268 1518 466 1586 imperiumque
479 1528 553 1587 pater
565 1520 701 1571 Romanus
713 1516 833 1570 habebit.

169 1585 289 1637 Victores
301 1587 401 1655 praeda
412 1587 503 1640 Rutuli
515 1588 660 1656 spoliisque
672 1587 756 1655 potiti,
933 1588 985 1638 450

133 1652 306 1706 Volscentem
319 1658 473 1709 exanimum
486 1657 582 1708 flentes
594 1656 620 1707 in
633 1664 719 1707 castra
731 1652 863 1707 serebant.

133 1721 160 1774 N
162 1738 193 1774 eo
207 1722 291 1775 minor
303 1724 435 1777 incastris
447 1725 537 1778 luctus
548 1724 699 1778 Rhamnete
712 1732 816 1793 reperto

134 1791 269 1859 Exsaugui
281 1801 308 1846 et
320 1794 411 1862 primis
423 1812 477 1848 una
489 1803 526 1848 tot
538 1795 622 1847 caede
635 1794 787 1864 peremptis,

134 1860 298 1931 Serranoque
309 1864 463 1933 Numaque.
499 1866 599 1933 Ingens
609 1881 753 1917 concursus
764 1862 800 1915 ad
812 1862 871 1932 ipsa

134 1930 248 2000 Corpora
261 1934 457 2004 seminecisque
469 1935 546 2003 viros,
560 1935 703 2004 tepidaque
715 1943 853 1987 recentem
934 1934 984 1987 455

133 2000 222 2052 Caede
234 2001 325 2054 locum
337 2012 364 2055 et
376 2004 470 2073 plenos
481 2005 616 2074 spumanti
629 2005 758 2075 sanguine
770 2004 849 2057 rivos.

133 2072 288 2137 Agnoscunt
300 2073 385 2141 spolia
397 2074 465 2126 inter
476 2092 513 2143 sc,
526 2074 686 2144 galeamque
698 2076 829 2128 nitentem

132 2138 262 2209 Messapi,
276 2150 303 2194 et
315 2142 400 2195 multo
412 2143 537 2213 phaleras
549 2144 644 2197 sudore
656 2154 786 2213 receptas.

160 2209 203 2285 'Et
213 2208 270 2277 jam
283 2210 369 2279 prima
380 2228 447 2265 novo
459 2214 600 2282 spargebat
613 2213 715 2267 lumine
728 2222 811 2267 terras

133 2275 241 2329 Tithoni
253 2295 379 2332 croceum
390 2281 515 2350 linquens
527 2284 631 2335 Aurora
642 2282 747 2335 cubile:
933 2287 985 2338 too

132 2344 194 2397 Jam
206 2346 262 2399 sole
274 2348 370 2417 inluso,
383 2348 440 2417 jam
452 2350 533 2403 rebus
544 2349 606 2403 luce
619 2352 734 2421 retectis,

132 2414 238 2466 Turnus
250 2416 278 2468 in
289 2433 365 2469 arma
377 2418 453 2486 viros,
466 2419 549 2471 armis
560 2419 744 2474 circumdatus
755 2419 822 2490 ipse,

131 2482 252 2552 Suscitat,
266 2494 426 2554 aeratasque
439 2487 513 2539 acies
525 2488 551 2539 in
563 2488 663 2556 proelia
674 2488 745 2555 cogit

131 2551 250 2621 Quisque
262 2570 333 2623 suas,
345 2555 481 2624 variisque
492 2564 591 2609 acuunt
603 2557 753 2611 rumoribus
763 2556 825 2609 iras.

130 2621 200 2680 Quin
214 2622 272 2691 ipsa
284 2624 490 2678 arrectis-visu
502 2625 718 2679 miserabile-iu
730 2626 815 2681 hastis
931 2632 983 2683 4⁶5

130 2690 282 2759 Praetigunt
293 2694 381 2763 capita
393 2702 420 2747 et
432 2695 517 2749 multo
532 2695 648 2749 clamore
660 2705 810 2766 sequuntur

131 2760 241 2830 Euryali
254 2771 280 2815 et
292 2764 361 2817 Nisi.

129 2831 278 2885 Aeneadae
290 2832 349 2885 duri
361 2850 496 2888 murorum
509 2834 535 2888 in
547 2841 623 2904 parte
635 2833 742 2888 sinistra

129 2898 282 2966 Opposuere
294 2904 479 2956 aciem-nam
494 2904 604 2957 dextera
616 2904 732 2973 cingitur
742 2904 853 2959 amni-

128 2965 300 3037 Ingentisque
313 2979 405 3024 tenent
418 2973 511 3042 fossas,
525 2981 552 3025 et
565 2973 681 3027 turribus
691 2974 753 3027 altis
911 2978 981 3033 -470

128 3034 203 3088 Stant
214 3039 327 3108 moesti3
346 3041 484 3094 simulcra
496 3042 583 3096 virum
595 3044 714 3113 praefixa
724 3041 878 3117 movebant,

87 3190 140 3237 440.
160 3188 254 3238 Circum
263 3206 330 3250 quem
339 3182 604 3243 Volscentem,-441.
617 3194 766 3243 Proturboat
778 3196 979 3251 Nisum-ut.

56 3245 209 3297 Moenum.
242 3248 341 3306 Others,
355 3254 490 3300 exanimem,
522 3253 752 3302 &alluh-⁴149.
767 3254 984 3311 PoterBsnm'h
998 3294 1001 3299 -

56 3320 141 3415 ἓᾬιιξῑ
153 3317 184 3415 itvo
198 3310 261 3415 hp?
275 3309 471 3368 personification
488 3311 517 3359 ol
534 3311 576 3361 tho
597 3312 694 3363 Roman
712 3314 1011 3375 poopta.-tos,¹fflr³·
