2086 3622
441 180 534 220 trualt
554 179 595 219 Vl·

125 307 179 361 Sed
191 323 244 360 non
255 313 283 360 et
294 307 402 360 venisse
414 306 513 361 volent.
549 306 633 376 Bella,
647 304 753 359 horrida
765 304 845 376 bella7

126 379 161 430 Et
173 376 305 446 Thybrim
317 377 401 430 multo
413 385 586 447 spumantem
598 375 727 443 sanguine
739 390 828 428 cerno.

126 448 186 499 Non
199 446 297 499 SimoIs
309 447 365 517 nbi,
380 464 429 499 nee
440 447 570 515 Xanthus,
583 461 635 499 nec
646 445 741 499 Dorica
753 453 840 498 castra

126 515 266 568 Defuerint
274 533 281 584 3
300 517 370 569 alius
382 517 457 569 Latio
469 515 525 585 jam
538 529 629 584 partus
641 514 769 585 Achilles,

125 585 213 637 Natus
226 593 252 637 et
265 586 323 654 ipse
335 586 403 653 dea;
422 603 474 638 nec
486 586 598 637 Teucris
610 584 701 637 addita
713 585 782 637 Juno
946 587 980 635 00

126 654 248 723 Usquam
260 655 354 707 aberit.
392 656 459 707 Cum
473 663 502 707 tu
515 654 628 723 supplex
640 655 667 706 in
680 653 759 705 rebus
771 652 865 721 egenis

126 723 199 780 Quas
210 725 297 790 gentis
309 725 408 777 Italum
420 732 466 776 aut
478 741 546 793 quas
558 740 609 776 non
622 724 739 775 oraveris
750 722 849 776 urbes!

126 793 227 844 Caussa
240 792 304 844 mali
320 793 385 845 tanti
397 793 514 861 conjunx
526 793 623 845 iterum
636 791 742 862 hospita
753 791 874 862 Teucris!

127 861 290 929 Externique
303 862 400 914 iterum
414 861 533 914 thalami.

128 930 169 981 Tu
182 947 216 982 ne
229 930 297 982 cede
309 933 395 999 malie,
410 931 458 983 sed
471 939 561 984 contra
572 929 712 983 audentior
725 930 769 998 ito,
946 932 980 980 95

127 998 215 1055 Quam
229 1009 274 1051 tua
287 1011 313 1052 te
326 1000 443 1053 Fortuna
456 1001 533 1053 sinet.
571 1001 622 1052 Via
634 999 719 1068 prima
731 999 858 1052 salutis-

128 1067 205 1125 Quod
218 1070 329 1122 minime
343 1070 524 1123 reris-Graia
536 1070 668 1139 pandetur
679 1069 714 1121 ab
726 1068 811 1122 urbe.²

162 1136 274 1188 Talibus
286 1155 320 1190 ex
332 1139 413 1207 adyto
426 1139 505 1191 dietis
517 1140 636 1192 Cumaea
649 1138 750 1206 Sibylla
835 1190 840 1200 ¹

127 1203 278 1258 Horrendus
289 1209 361 1259 canit
373 1208 503 1274 ambages
514 1216 643 1274 antroque
656 1206 779 1272 remugit,

127 1274 255 1326 Obscuris
267 1292 330 1326 vera
342 1276 496 1328 involvens:
516 1292 549 1327 ea
561 1275 636 1327 frena
648 1275 747 1326 furenti
932 1277 981 1326 100

128 1342 257 1411 Concutit‚
271 1352 298 1395 et
310 1344 433 1396 stimulos
444 1345 495 1397 sub
507 1355 614 1413 pectore
627 1343 706 1395 vertit
718 1343 822 1411 Apollo.

127 1412 163 1464 Ut
176 1413 292 1492 primurn
304 1414 386 1465 cessit
398 1412 469 1466 furor
481 1423 508 1465 et
521 1412 614 1466 rabida
625 1429 671 1464 ora
683 1412 815 1482 quierunt,

127 1481 224 1550 Incipit
237 1485 345 1535 Aeneas
356 1482 448 1535 heros:
470 1483 546 1535 ‘Non
557 1482 612 1534 ulla
623 1481 753 1552 laborum,
843 1484 845 1487 ’

127 1551 150 1603 Ο
161 1552 242 1620 virgo,
257 1568 326 1604 nova
337 1553 376 1605 mi
388 1551 473 1605 facies
485 1551 625 1622 inopinave
638 1552 720 1619 surgit
730 1567 738 1619 3

128 1621 224 1674 Omnia
235 1622 361 1691 praecepi
373 1630 454 1690 atque
466 1622 556 1674 animo
569 1637 679 1673 mecum
690 1629 753 1672 ante
765 1618 867 1690 peregi.
934 1623 981 1672 105

127 1690 218 1744 Unum
229 1707 289 1744 oro:
309 1690 416 1761 quando
429 1692 473 1744 hie
485 1691 582 1744 inferni
594 1690 677 1760 janua
689 1690 760 1758 regis

129 1760 231 1812 Dicitur
243 1768 270 1812 et
283 1761 425 1815 tenebrosa
436 1761 514 1830 palus
526 1761 679 1815 Acheronte
692 1759 789 1829 refuso,

128 1829 170 1881 Ire
182 1828 217 1880 ad
229 1838 406 1899 conspectum
418 1830 473 1882 cari
484 1829 612 1898 genitoris
624 1838 651 1881 et
664 1845 710 1880 ora

128 1897 268 1965 Contingat
275 1915 284 1966 3
301 1898 402 1951 doceas
413 1899 464 1951 iter
475 1907 503 1951 et
516 1914 592 1951 sacra
604 1899 672 1949 ostia
684 1896 795 1966 pandas.

129 1966 209 2018 Illum
220 1983 270 2033 ego
319 1984 331 2019 r
342 1967 468 2019 flammas
480 1975 507 2020 et
519 1967 595 2020 mille
608 1966 748 2035 sequentia
760 1965 815 2018 tela
934 1967 982 2017 110

129 2035 225 2104 Eripui
236 2035 277 2088 his
309 2035 416 2104 umeris,
430 2035 575 2104 medioque
588 2051 623 2087 ex
634 2034 711 2087 hoste
725 2034 816 2103 recepi
824 2050 831 2102 3

129 2104 178 2156 Ille
190 2119 284 2157 meum
296 2105 439 2157 comitatus
450 2104 501 2157 iter
511 2104 598 2157 maria
609 2103 699 2157 omnia
711 2119 821 2155 mecum

128 2175 220 2242 Atque
232 2173 320 2226 omnis
329 2172 475 2252 pelagique
486 2173 576 2226 minas
587 2172 709 2241 coelique
722 2172 833 2241 ferebat,

127 2241 272 2310 invalidus,
285 2243 351 2296 rins
363 2242 431 2295 ultra
443 2251 595 2312 sortemque
608 2249 743 2295 senectae.

128 2311 207 2382 Quin,
220 2319 250 2365 ut
262 2322 289 2365 te
301 2311 416 2383 supplex
427 2324 550 2383 peterem
562 2320 589 2365 et
600 2321 647 2365 tua
658 2310 752 2364 limina
762 2309 876 2381 adirem,
933 2313 982 2363 115

86 2496 124 2541 86.
138 2492 308 2542 Construeaod
316 2502 337 2542 et
346 2495 481 2542 0010000000
490 2494 674 2541 000000-88.
688 2491 737 2539 She
747 2489 889 2550 prophesiae
896 2499 983 2539 events

57 2551 150 2601 similar
165 2561 191 2600 to
206 2553 272 2601 what
283 2552 332 2602 had
346 2552 394 2612 hap
411 2552 474 2601 ened
484 2563 509 2601 at
521 2553 597 2612 Troy.
630 2552 677 2599 See
689 2559 714 2598 at
724 2551 749 2599 ii.
761 2554 799 2606 27,
810 2566 834 2598 v.
843 2553 982 2599 803.-89.

55 2610 194 2678 1101000100,
223 2612 337 2673 Loolring
347 2621 373 2660 to
383 2568 425 2659 tie
434 2612 501 2660 close
510 2612 539 2659 01
546 2611 588 2659 the
597 2620 702 2678 contest,
715 2610 757 2657 the
767 2609 847 2657 future
857 2608 949 2668 perfect
960 2610 982 2657 is

56 2685 69 2717 a
87 2668 192 2729 positely
203 2670 272 2718 used.
297 2671 419 2730 Compare
431 2671 491 2718 with
500 2671 542 2718 the
551 2669 676 2729 following
687 2685 716 2715 us
732 2685 788 2715 uam
797 2669 879 2714 000001.
906 2667 981 2717 Aliso

80 2731 181 2796 chilim
200 2728 309 2785 Turnus,
322 2729 364 2776 the
375 2729 455 2777 future
466 2744 537 2776 errem
567 2727 595 2774 01
602 2727 710 2780 Aeneas,
718 2684 785 2772 liorn
795 2725 824 2772 01
835 2724 877 2772 the
888 2725 982 2784 nymph

57 2784 154 2835 Venilia
161 2788 231 2854 tdea5
249 2802 320 2834 seex.
331 2790 461 2841 76).-90.
478 2787 528 2833 For
536 2744 947 2852 luno'swotchfulhatredmddital
956 2795 983 2832 to

53 2846 98 2893 the
107 2845 222 2904 Troiane,
232 2860 274 2893 see
284 2845 299 2892 i.
310 2848 347 2900 19,
358 2845 406 2893 dec.
414 2849 490 2893 -91.
511 2845 578 2899 Cum,
590 2858 637 2901 quo
648 2853 765 2901 tempore.
773 2845 849 2889 -9a
861 2842 963 2891 Alludrn

54 2914 81 2952 to
94 2902 139 2951 the
154 2903 313 2963 applicatione
328 2903 365 2951 for
380 2904 514 2972 assistance
526 2902 597 2950 made
610 2903 643 2961 by
654 2903 754 2948 Aeneas
770 2910 795 2947 to
807 2900 921 2950 Evander
932 2858 982 2952 aab

53 2962 147 3016 others.
160 2963 277 3011 recorded
288 2963 312 3011 in
323 2962 365 3010 the
377 2962 461 3022 eighth
473 2961 519 3009 and
530 2963 681 3019 subsequent
698 2959 866 3008 books-93.
883 2959 980 3010 lterum.

54 3024 94 3070 As
104 3022 184 3069 Helen
195 3038 246 3070 was
257 3022 299 3070 the
310 3036 382 3071 cause
399 3021 427 3068 01
440 3021 531 3080 'l'roy's
548 3020 706 3075 destruction,
720 3035 748 3066 so
764 3019 826 3066 shall
843 3019 953 3077 Lavinia,
967 3036 982 3068 a

53 3081 148 3143 foreign
161 3084 269 3143 (hospitat
282 3081 358 3137 bride,
368 3082 399 3127 be
411 3080 453 3127 the
462 3095 534 3128 cause
544 3079 572 3126 of
579 3082 715 3127 wan-96.
732 3078 817 3139 Quom,
833 3085 873 3126 ‘as
882 3079 918 3126 far
926 3096 953 3127 os
961 3080 978 3135 ;’

51 3156 89 3197 or,
103 3141 163 3188 with
175 3157 189 3188 a
199 3141 284 3188 nobler
294 3140 417 3199 meaning,
431 3140 539 3187 increase
550 3137 575 3186 in
586 3138 710 3193 boldness‚
724 3153 752 3185 so
763 3153 790 3184 as
801 3150 826 3184 to
837 3139 885 3185 rise
903 3140 980 3185 above

53 3200 97 3249 tho
113 3200 251 3259 opposition
267 3199 295 3247 01
306 3199 410 3247 fortune.
443 3199 517 3246 Some
534 3198 591 3246 read
607 3201 745 3257 quo-97.
766 3197 842 3244 Graio
851 3213 861 3252 ;
882 3196 979 3243 Pallan·

52 3268 132 3313 teum.
144 3258 187 3307 the
198 3259 248 3319 city
259 3258 287 3307 01
294 3259 335 3306 the
346 3258 429 3306 Greek
440 3258 561 3306 Evander.
594 3257 641 3304 See
653 3257 701 3304 viii.
714 3260 753 3312 97,
768 3257 854 3302 &c-
863 3259 913 3302 loo.
925 3254 978 3312 Eo;

52 3316 113 3367 talia
130 3326 157 3366 ut
174 3318 284 3367 obscuris
295 3333 354 3366 vera
368 3318 597 3366 involvant-107.
614 3316 746 3365 Acheronte
766 3316 855 3374 refuso.
888 3313 936 3363 See
954 3322 979 3364 at

51 3379 203 3434 Aba-110,
217 3378 266 3426 dac.
299 3378 346 3426 See
358 3378 423 3426 close
435 3377 463 3426 of
475 3377 498 3426 ii.
511 3376 558 3425 and
569 3375 602 3424 iii.
