2086 3622
381 179 473 219 LIBER
492 179 535 220 11.

67 306 184 376 Agnovit
194 305 308 377 juvenis,
321 305 491 377 duplicisque
504 304 640 359 adsidere
651 305 757 375 palmas

67 377 185 446 Sustulit,
198 393 232 429 ac
243 375 290 429 tali
302 374 450 444 fugientem
462 383 503 428 eat
514 390 580 428 voce
592 384 714 428 secutus:

69 445 127 508 ‘Iri
140 445 224 497 decus
237 444 312 513 coeli,
325 444 386 514 quis
397 454 424 497 te
436 444 504 496 mihi
515 443 632 497 nubibus
642 451 732 498 actam

69 514 170 567 Detulit
181 513 208 566 in
221 513 323 566 terrast
340 512 412 567 unde
424 512 493 566 haec
504 522 560 565 tam
571 513 644 566 clara
655 529 683 566 re
702 522 764 568 ente

68 583 249 653 Tempestasi
267 582 387 636 medium
400 582 477 634 video
489 580 630 634 discedere
642 530 757 654 coelum,

69 652 239 721 Palantisque
251 651 311 722 polo
324 651 424 703 stellas.
461 650 561 720 Sequor
572 652 662 703 omina
674 659 755 721 tauta,

68 722 196 789 Quisquis
208 722 235 773 in
247 737 323 773 arma
334 720 432 772 vocas.²
471 720 506 772 Et
519 719 558 772 sic
569 719 667 772 effatus
678 721 712 774 ad
724 720 827 775 undam

69 791 209 858 Processit,
223 805 383 857 summoque
395 788 483 841 hausit
495 787 529 840 de
541 788 644 856 gurgite
656 788 790 861 lymphas,

69 859 157 911 Multa
169 858 234 911 deos
246 874 331 926 orans,
344 857 515 926 oneravitque
527 857 638 910 aethera
648 859 726 910 rotis.

103 928 218 996 Jamque
230 928 317 980 omnis
328 927 432 1004 campis
443 927 576 989 exercitus
588 926 643 979 ibat
655 928 761 998 apertis,

69 996 152 1049 Dives
163 1013 272 1065 equum,
285 996 361 1049 dives
372 995 455 1076 prcttti
465 996 550 1048 vestis
561 1003 589 1048 et
600 996 658 1048 auri
664 1012 672 1064 3

69 1066 214 1134 Messapus
225 1065 325 1142 primas
336 1069 422 1135 acres,
465 1073 565 1118 strema
575 1069 699 1118 coercent

69 1134 217 1203 Tyrrhidae
228 1151 356 1204 juvenes5
374 1152 419 1187 me
440 1136 463 1186 io
476 1135 531 1187 dux
542 1135 651 1212 agmine
663 1135 769 1188 Turnus

69 1203 187 1255 Vertitur
197 1219 272 1256 arma
283 1212 385 1273 teneus,
399 1210 426 1255 et
437 1210 491 1255 toto
503 1211 603 1256 vertice
615 1219 695 1324 supra
706 1212 756 1256 est.

70 1273 127 1324 Ceu
139 1280 245 1341 septem
257 1289 367 1340 surgens
379 1272 479 1324 sedatis
491 1270 615 1324 amnibus
627 1288 644 1324 a
655 1280 698 1324 tus

71 1342 122 1393 Per
133 1342 245 1393 tacitum
257 1343 373 1411 Ganges,
386 1349 433 1393 aut
444 1340 535 1410 pingui
547 1339 659 1392 flumine
670 1340 751 1394 Nilus

70 1411 138 1463 Cum
150 1410 238 1463 refluit
250 1412 354 1481 campis
365 1409 459 1479 etjam
471 1426 500 1461 se
513 1408 630 1461 condidit
641 1409 728 1462 alveo.

69 1479 119 1531 Hic
132 1480 248 1532 subitam
260 1480 333 1548 nigro
344 1479 486 1548 glomerari
498 1477 608 1546 pulvere
619 1479 720 1532 nubem

69 1549 237 1618 Prospioiunt
249 1549 353 1619 Teucri,
367 1565 400 1601 uc
412 1548 536 1601 tenebras
547 1547 683 1616 insurgere
694 1548 807 1621 eampis.

69 1618 174 1671 Primus
185 1618 220 1671 ab
232 1617 346 1671 adversa
357 1617 508 1671 conclamat
519 1616 590 1669 mole
602 1617 716 1671 Caicus:

71 1686 153 1745 ‘Quis
163 1687 266 1757 globus,
279 1703 295 1739 o
307 1688 389 1757 cives,-
403 1686 519 1756 caligine
532 1686 646 1740 volvitur
656 1687 730 1741 atra!

69 1755 148 1808 Ferte
160 1757 206 1810 citi
219 1756 326 1826 sermm,
339 1757 402 1810 date
414 1756 476 1826 tela,
489 1756 629 1809 ascendite
640 1772 737 1826 muros,

68 1825 159 1877 Hostis
170 1825 246 1878 adest
256 1842 263 1892 ;
281 1827 325 1878 eia
335 1825 353 1879 !'
377 1827 482 1893 Ingenti
493 1825 610 1878 clamore
622 1842 670 1894 per
680 1825 769 1879 omnis

69 1895 191 1947 Condunt
203 1911 233 1946 se
245 1895 343 1947 Teucri
354 1903 450 1963 portas,
464 1903 490 1946 et
503 1893 609 1947 moenia
621 1894 765 1963 complent.

71 1964 196 2031 Namque
208 1964 245 2015 ita
257 1962 400 2016 discedens
411 1971 583 2032 praeceperat
594 1963 711 2032 optimus
722 1962 804 2017 armis
884 1969 918 2018 to

69 2034 192 2086 Aeneas:
213 2033 234 2084 si
246 2048 300 2101 qua
312 2033 415 2085 interea
426 2031 530 2084 fortuna
542 2031 644 2101 fuisset,

67 2102 93 2153 N
95 2118 128 2152 eu
141 2111 243 2154 struere
255 2101 384 2153 auderent
395 2101 490 2170 aciem,
504 2117 557 2153 neu
569 2100 679 2154 credere
691 2117 786 2172 campo
793 2118 802 2170 ;

69 2172 162 2222 Castra
173 2170 253 2222 modo
265 2178 291 2222 et
304 2179 375 2223 tutos
387 2178 521 2222 servarent
534 2186 632 2249 aggere
644 2187 743 2224 muros.

69 2240 146 2306 Ergo,
160 2240 210 2292 etsi
222 2239 342 2292 conferre
354 2256 465 2292 manum
477 2238 562 2309 pudor
572 2255 610 2291 rra
629 2256 663 2292 ue
675 2246 812 2310 monstrat,

69 2307 204 2377 Objiciunt
216 2317 305 2378 portas
316 2318 407 2362 tamen
419 2316 447 2361 et
458 2324 539 2378 praec
576 2317 602 2360 ta
611 2256 757 2380 iacessunt,
882 2313 917 2364 tu

68 2378 225 2447 Armatique
236 2379 310 2431 cavis
322 2386 478 2448 exspectant
490 2378 553 2431 turri
573 2393 605 2430 us
616 2377 730 2432 hostem.

69 2447 181 2516 Turnus,
194 2455 224 2500 ut
236 2455 298 2500 ante
311 2447 403 2500 volans
414 2447 520 2501 tardum
534 2456 717 2517 praecesserat
728 2464 836 2519 agmen,

68 2517 168 2583 Viginti
181 2517 257 2570 leotis
268 2518 392 2587 equitum
403 2517 546 2570 comitatus
558 2525 586 2570 et
597 2517 657 2571 urbi

67 2585 232 2654 improvisus
243 2587 336 2656 adest;
354 2586 469 2640 maculis
480 2603 562 2656 quem
575 2586 705 2640 Thracius
715 2586 786 2640 albis

69 2654 158 2707 Portat
170 2672 264 2724 equus,
274 2655 409 2725 cristaque
421 2656 487 2723 tegit
498 2655 577 2723 galea
589 2672 672 2708 aurea
684 2656 770 2709 rubra.
883 2659 917 2707 50

69 2723 187 2792 ‘Ecquis
196 2724 264 2786 erit‚'
273 2740 391 2794 mecum,
403 2724 524 2795 juvenes,
539 2725 599 2792 ‘qui
612 2725 715 2792 primus
725 2724 752 2777 in
763 2723 917 2777 hostem-i

69 2791 129 2858 En,’
144 2792 189 2844 ait.
226 2793 260 2845 Et
271 2791 391 2861 jaculum
403 2802 557 2862 attorquens
569 2793 666 2845 emittit
678 2793 705 2845 in
717 2809 803 2863 auras,

68 2860 231 2930 Principium
243 2878 355 2932 pugnae,
369 2870 397 2914 et
408 2877 504 2931 campo
516 2877 577 2914 sese
588 2861 688 2914 arduus
698 2861 785 2915 infert.

68 2928 189 2984 Clamore
202 2931 339 3001 excipiunt
351 2931 424 3000 socii,
437 2930 598 2999 fremituque
610 2938 757 2999 sequuntur

28 3051 65 3097 26.
77 3049 167 3098 Porti.
200 3051 246 3099 See
263 3061 287 3099 at
303 3051 335 3098 iii.
345 3054 478 3100 ata-27.
494 3050 634 3112 Messapus.
665 3052 713 3101 See
728 3053 770 3101 vii.
781 3048 917 3103 son—'nn

4 3105 141 3177 Tyrrhidae.
166 3109 214 3158 See
224 3110 265 3158 vii.
277 3113 411 3159 tut-29.
429 3110 491 3158 This
508 3110 556 3158 line
572 3110 918 3219 isjustlpregardedeshere

4 3182 120 3226 spurious,
133 3168 181 3237 and
192 3169 317 3218 borrowed
329 3169 391 3218 srom
402 3170 442 3217 vii.
454 3171 507 3239 284.
515 3173 590 3239 730,
604 3171 652 3220 duc.
695 3171 726 3220 he
737 3172 824 3232 steady
833 3171 918 3220 merch

4 3224 76 3295 >stlte
87 3242 156 3287 army
165 3243 186 3275 rs
197 3228 326 3288 compared
336 3237 362 3298 to
373 3229 414 3276 the
425 3238 536 3297 moresne
546 3244 632 3278 course
640 3229 669 3278 of
674 3230 717 3278 the
727 3230 826 3298 Ganges
836 3245 864 3278 or
874 3230 918 3279 the

4 3282 69 3341 ltus,
81 3284 155 3333 when
166 3295 207 3333 not
218 3288 377 3349 overflowrng
388 3288 451 3335 their
461 3288 628 3337 baula-32.
644 3290 728 3345 Alcen,
741 3305 756 3336 o
765 3288 816 3337 drus
833 3288 917 3341 llable.

4 3344 219 3454 [fffflessrftptrp
227 3347 320 3454 ⁸cSonre
328 3347 385 3396 read
396 3349 510 3405 scandite,
518 3347 560 3396 the
571 3347 623 3397 oof
628 3350 675 3397 teta
686 3349 759 3410 being
766 3362 807 3397 me
823 3346 915 3411 along.
