2078 3622
446 161 539 202 utana
558 161 578 201 1.

119 291 251 363 Denique,
264 289 328 360 quid
341 307 437 360 vesper
450 308 525 343 serus
537 291 625 359 vehat,
639 291 710 342 unde
724 305 834 341 serenas

120 361 224 415 Ventus
235 368 298 429 agat
310 361 404 429 nubes,
418 361 480 429 quid
494 361 592 428 cogitet
605 359 731 412 humidus
743 361 849 427 Auster,

119 431 160 486 Sol
174 432 223 485 tibi
236 432 313 498 signa
324 429 406 482 dabit.
443 430 532 484 Solern
544 431 605 498 quis
616 430 705 482 dicere
718 428 818 481 falsum

119 501 246 555 Audeat?
282 499 331 553 Ille
344 501 426 552 etiam
438 517 534 552 caecos
547 501 644 552 instare
656 499 788 551 turnultus

119 571 204 641 Saepe
216 583 317 638 monet,
331 568 508 638 fraudemque
521 578 548 621 et
560 579 651 638 operta
663 578 816 621 tumescere
829 565 908 620 bella.
921 572 971 621 165

119 640 168 693 1110
181 641 265 693 etiam
278 639 408 691 exstincto
420 641 564 691 miseratus
576 640 690 691 Caesare
703 639 833 706 Romam,

119 711 187 762 Cum
200 718 281 779 caput
293 708 405 761 obscura
416 709 532 761 nitidum
545 709 678 777 ferrugine
691 709 765 776 lenit,

118 779 260 849 Impiaque
272 786 411 830 aeternam
424 778 569 830 timuerunt
583 778 692 831 saecula
703 786 820 830 noctem.

119 849 253 918 Tempore
265 864 431 916 quamquam
444 848 489 899 illo
502 847 582 900 tellus
594 863 699 916 quoque
712 856 739 900 et
751 863 868 917 aequora
879 846 960 916 ponti,

118 916 329 985 Obscoeuaeque
342 933 423 969 canes
435 917 655 986 importunaeque
668 917 788 970 volucres
921 919 973 969 470

120 988 201 1056 Signa
212 986 322 1039 dabant.
358 986 470 1044 Quoties
483 986 630 1057 Cyclopum
644 987 774 1039 effervere
788 987 814 1039 in
826 1002 904 1055 agros

119 1056 245 1110 Vidimus
257 1056 402 1108 undantem
416 1057 501 1125 ruptis
516 1057 668 1110 fornacibus
679 1057 797 1126 AEtnam,

120 1126 359 1194 Flammarumque
371 1126 464 1193 globos
476 1126 675 1195 liquefactaque
687 1127 794 1180 volvere
807 1125 889 1179 saxa!

119 1199 264 1251 Armorum
276 1199 392 1248 sonitum
406 1203 459 1248 toto
471 1196 617 1248 Germania
629 1195 705 1248 coelo

120 1266 228 1333 Audiit,
247 1265 358 1317 insolitis
370 1274 536 1318 tremuerunt
548 1266 666 1318 motibus
677 1264 710 1317 Al
731 1281 770 1316 es.
922 1268 974 1317 ⁴75

120 1335 179 1390 Vox
190 1351 297 1405 quoque
310 1351 357 1403 per
369 1334 444 1388 lucos
456 1334 536 1402 vulgo
549 1335 675 1387 exaudita
688 1283 792 1386 siiientis

120 1405 226 1474 Ingens,
240 1414 267 1456 et
280 1403 422 1457 simulacra
435 1404 523 1457 modis
535 1403 663 1472 pallentia
675 1404 749 1456 miris

121 1475 186 1528 Visa
198 1474 249 1527 sub
261 1473 407 1526 obscurum
419 1474 511 1543 noctis,
525 1474 699 1543 pecudesque
712 1473 825 1543 locutae,

121 1543 263 1598 Infandum
276 1542 282 1596 !
304 1544 401 1596 sistunt
413 1561 515 1612 amnes,
531 1552 671 1613 terraeque
684 1543 833 1612 dehiscunt,

122 1615 157 1668 Et
168 1622 303 1667 maestum
316 1613 457 1666 illacrimat
470 1613 579 1682 templis
591 1613 664 1681 ebur,
674 1629 791 1682 aeraque
804 1612 910 1665 sudant.
923 1615 975 1665 480

122 1684 221 1737 Proluit
234 1685 327 1735 insano
340 1693 519 1753 contorquens
532 1684 631 1735 vortice
645 1683 726 1735 silvas

122 1753 277 1807 Fluviorum
290 1769 337 1806 rex
350 1753 491 1822 Eridanus,
505 1770 669 1822 camposque
682 1771 729 1822 per
741 1751 828 1805 omnis

122 1823 190 1876 Cum
203 1821 316 1875 stabulis
328 1831 450 1875 armenta
462 1823 531 1875 tulit.
568 1823 627 1876 Nec
642 1830 761 1892 ternpore
774 1821 871 1874 eodem

122 1892 254 1946 Tristibus
266 1901 312 1944 aut
325 1892 394 1945 extis
406 1892 489 1945 fibrae
501 1910 629 1962 apparere
642 1893 771 1961 minaces,

122 1965 177 2016 Aut
189 1962 278 2032 puteis
290 1978 400 2014 manare
413 1979 489 2015 cruor
501 1963 625 2031 cessavit,
640 1971 666 2014 et
679 1961 750 2013 altae
925 1962 977 2012 48⁵

123 2031 174 2084 Per
187 2040 295 2084 noctem
308 2048 430 2084 resonare
443 2032 513 2100 lupis
526 2031 691 2083 ululantibus
703 2031 793 2083 urbes.

123 2101 183 2154 Non
194 2101 263 2153 alias
275 2100 349 2152 coelo
362 2101 516 2154 ceciderunt
528 2101 603 2168 plura
616 2115 710 2152 sereno

124 2169 247 2240 Fulgura,
260 2187 311 2222 uec
323 2170 375 2222 diri
387 2171 467 2223 toties
478 2186 568 2223 arsere
583 2177 715 2222 cometae.

124 2239 193 2309 Ergo
205 2240 274 2293 inter
285 2256 346 2292 sese
358 2240 468 2309 paribus
480 2255 635 2292 concurrere
648 2238 711 2291 telis

124 2309 258 2363 Romanas
271 2309 346 2362 acies
358 2312 455 2363 iterum
468 2310 559 2362 videre
571 2308 703 2377 Philippi;
926 2310 979 2362 490

123 2379 182 2432 Nec
195 2379 245 2432 fuit
259 2379 398 2448 indignum
411 2379 519 2448 Superis
532 2379 572 2432 bis
585 2379 714 2446 sanguine
727 2385 815 2430 nostro

125 2448 280 2502 Emathiam
293 2458 320 2500 et
333 2449 401 2502 latos
412 2448 509 2502 Haemi
522 2448 698 2518 pinguescere
711 2464 831 2518 campos.

125 2518 232 2572 Scilicet
245 2527 272 2570 et
285 2525 393 2588 tempus
406 2518 502 2587 veniet,
516 2536 579 2571 curn
592 2517 692 2571 finibus
705 2517 759 2570 illis

125 2588 257 2656 Agricola,
272 2588 384 2641 incurvo
396 2596 494 2640 terram
507 2588 616 2641 molitus
628 2596 722 2657 aratro,

126 2657 215 2710 Exesa
226 2657 344 2709 inveniet
357 2657 451 2710 scabra
464 2657 582 2725 robigine
595 2656 656 2726 pila,

125 2729 179 2780 Aut
191 2727 318 2795 gravibus
330 2727 420 2780 rastris
431 2727 522 2795 galeas
534 2726 651 2795 pulsabit
664 2726 757 2794 inanis,

126 2796 295 2864 Grandiaque
309 2797 413 2849 effossis
424 2797 563 2849 mirabitur
575 2811 636 2847 ossa
649 2793 808 2864 sepulchris.

159 2866 192 2918 Di
204 2865 290 2935 patrii,
303 2866 448 2934 Indigetes,
463 2875 489 2918 et
502 2864 623 2933 Romule,
636 2864 774 2932 Vestaque
786 2870 880 2933 mater,

125 2933 201 2992 Quae
213 2935 334 2987 Tuscum
347 2929 466 2988 Tiberim
480 2945 506 2988 et
519 2936 639 2988 Romana
652 2933 754 2987 Palatia
767 2949 866 3004 servas,

125 3003 203 3057 Hunc
216 3004 312 3056 saltem
326 3021 419 3058 everso
436 3005 563 3074 juvenem
577 3019 732 3057 succurrere
744 3001 833 3056 saeclo
930 3007 980 3056 500

125 3074 167 3126 Ne
179 3073 336 3142 prohibete!
376 3074 444 3126 Satis
460 3074 515 3143 jam
529 3072 633 3144 pridem
646 3074 776 3142 sanguine
788 3081 876 3127 nostro

125 3142 342 3205 Laomedonteae
355 3143 454 3196 luimus
466 3143 583 3213 perjuria
594 3143 699 3212 Trojae.

84 3303 200 3349 tas-497.
218 3299 274 3346 The
290 3300 357 3357 prodi
377 3300 412 3347 ios
430 3300 638 3360 prognosticating
657 3301 699 3348 the
719 3300 776 3348 civil
792 3315 855 3347 wara
872 3298 924 3348 that
935 3299 979 3348 sol-

56 3359 135 3410 loteed
145 3358 189 3407 the
200 3358 274 3406 death
285 3359 313 3405 ol
325 3359 340 3406 J
343 3316 407 3407 01100
420 3359 518 3405 Caesar.
526 3362 678 3407 -498-514.
695 3359 719 3405 A
732 3373 817 3417 prayer
827 3358 864 3406 sor
875 3358 915 3409 the
927 3374 978 3419 prs·

58 3418 179 3469 servation
189 3417 217 3465 of
225 3418 362 3477 Augustus.

162 3482 177 3530 7
474 3499 488 3530 t:
