2078 3622
388 157 481 216 ursan
501 158 520 198 r.
766 202 769 208 ,
874 144 914 217 eq

61 282 201 336 versando
214 290 310 336 terram
323 283 527 353 experti-nihil
539 284 676 355 improbus
686 302 771 358 anser,

62 353 285 422 Strymoniaeque
297 370 383 421 grues,
397 362 424 406 et
435 354 536 408 amaris
547 354 640 409 intuba
650 356 724 409 fibris
863 361 911 410 120

62 422 196 491 Officiunt,
209 431 256 474 aut
268 423 363 476 umbra
374 431 460 476 nocet.
497 425 576 477 Pater
588 424 644 495 ipse
656 425 761 478 colendi

61 491 141 544 Haud
153 490 262 544 facilem
274 508 334 545 esse
347 491 419 545 viam
431 493 521 562 voluit,
554 494 689 563 rimusque
701 512 749 565 per
760 502 846 550 artem

62 561 150 613 Movit
161 578 246 630 agros,
259 562 329 614 curis
340 577 440 614 acuens
451 511 574 615 mortaiia
585 564 672 635 eorda,

63 630 122 683 Nec
134 638 237 699 torpere
249 631 323 698 gravi
337 647 432 699 passus
444 648 494 684 sua
505 648 587 700 regna
598 642 715 686 veterno.

62 702 133 752 Ante
145 700 240 752 Jcnem
251 700 319 753 nulli
331 699 489 767 subigebant
500 718 565 754 arva
575 702 660 754 coloni
667 719 675 771 5
860 708 909 757 195

62 769 105 821 Ne
118 769 223 837 signare
235 770 345 838 quidem
357 777 404 822 aut
416 769 505 838 partiri
517 769 602 823 limite
614 788 741 840 campum

62 838 115 890 Fas
127 846 198 891 erat:
218 839 244 890 in
257 838 379 892 medium
391 838 562 908 quaerebant,
576 839 583 891 i
604 857 687 909 saque
700 839 781 894 tellus

61 908 157 960 Omnia
169 908 285 977 liberius,
299 907 371 961 nullo
383 917 517 977 poscente,
531 907 586 961 fere
624 917 642 962 t.

62 977 110 1029 Ille
122 977 226 1030 malum
237 977 309 1030 virus
321 977 489 1046 serpentibus
499 977 602 1031 addidit
613 978 685 1048 atris,

61 1046 240 1115 Praedarique
254 1047 331 1114 lupos
350 1045 433 1116 ussit,
447 1055 611 1116 pontumque
623 1047 743 1118 moveri3

61 1115 199 1183 Mellaque
211 1115 330 1168 decussit
341 1064 409 1168 ioliis
416 1133 424 1185 5
442 1117 587 1185 ignemque
599 1119 719 1189 removit,

62 1186 97 1238 Et
109 1185 211 1254 passim
222 1186 285 1238 rivis
296 1185 429 1239 currentia
440 1186 501 1238 vina
513 1187 653 1307 repressit:

60 1255 96 1309 Ut
109 1256 196 1306 varias
208 1271 273 1308 usus
284 1253 439 1307 meditando
451 1262 532 1308 extun
552 1263 609 1308 eret
620 1256 684 1309 artis

61 1324 211 1392 Paullatim,
226 1332 253 1376 et
265 1323 348 1376 sulcis
359 1322 487 1377 frumenti
499 1333 638 1392 quaereret
651 1324 762 1380 herbam
769 1343 778 1396 5

59 1392 96 1446 Ut
108 1393 190 1446 silicis
202 1393 277 1446 venis
288 1393 441 1446 abstmsum
453 1392 599 1445 excuderet
610 1392 710 1462 ignem.
797 1404 801 1410 “

60 1464 137 1516 Tunc
148 1461 224 1515 alnos
235 1463 352 1532 primurn
364 1462 439 1515 fluvii
450 1478 558 1514 sensere
570 1471 686 1544 cavatas,

59 1532 159 1585 Navita
170 1541 229 1584 tum
240 1532 325 1584 stellis
336 1548 462 1584 numeros
474 1538 502 1584 et
512 1532 620 1585 nomina
632 1532 703 1604 fecit,

59 1601 191 1671 Pleiadas,
204 1601 321 1671 Hyadas,
335 1601 488 1670 claramque
500 1600 632 1670 Lycaonis
643 1605 751 1658 Arcton.

58 1671 130 1725 Tum
142 1671 246 1740 laqueis
257 1679 364 1739 captare
377 1669 448 1723 ieras
460 1679 488 1723 et
499 1669 592 1723 fallere
603 1672 676 1725 visco

59 1741 209 1809 inventum,
223 1748 250 1792 et
261 1757 373 1808 magnos
385 1739 497 1792 canibus
508 1739 676 1794 circumdare
689 1741 774 1797 saltus
779 1759 788 1813 5
856 1749 906 1798 140

60 1812 151 1880 Atque
163 1809 232 1863 alius
244 1808 328 1862 latum
341 1809 424 1862 funda
440 1806 497 1877 jam
508 1810 631 1863 verberat
642 1828 752 1866 amnem

59 1879 122 1933 Alta
133 1887 235 1948 petens,
249 1878 397 1948 pelagoque
409 1877 478 1931 alius
490 1878 569 1931 trahit
581 1879 693 1933 humida
704 1880 765 1934 lina

58 1949 129 2002 Tum
142 1948 203 2000 serti
215 1949 290 2016 rigor,
304 1955 384 2016 atque
397 1964 426 1999 ar
446 1956 506 2000 utae
520 1948 619 2001 lamina
631 1966 757 2002 serrae-

58 2019 130 2072 Nam
143 2017 221 2087 primi
233 2017 326 2070 cuneis
338 2016 429 2070 scinde
467 2026 495 2068 nt
507 2016 588 2069 fissile
600 2016 738 2085 lignum—

59 2088 129 2140 Tnm
142 2087 231 2139 variae
244 2102 341 2138 venere
353 2096 425 2138 artes
432 2102 439 2153 5
458 2084 531 2137 labor
543 2087 634 2138 omnia
645 2085 709 2138 vicit

58 2156 198 2226 Improbus
211 2164 238 2208 et
250 2155 324 2208 duris
336 2171 453 2223 urguens
464 2154 491 2207 in
504 2153 584 2206 rebus
596 2162 711 2223 egestas.

58 2227 148 2279 Prima
159 2225 239 2278 Ceres
251 2225 320 2277 ferro
332 2223 451 2278 mortalis
462 2230 566 2276 vertere
578 2231 675 2276 terram

58 2294 182 2363 Instituit,
195 2311 259 2346 curn
270 2293 325 2363 jam
337 2293 450 2362 glandes
461 2303 542 2361 atque
553 2292 647 2346 arbuta
658 2309 750 2346 sacrae

59 2365 210 2418 Deficerent
222 2362 313 2432 silvae,
327 2372 354 2415 et
366 2362 466 2416 victum
480 2361 590 2415 Dodona
601 2371 719 2431 negaret.

58 2435 125 2487 Mox
136 2441 164 2486 et
176 2433 316 2486 immeritis
327 2432 401 2485 labor
412 2430 526 2498 additus,
541 2439 570 2483 ut
581 2430 654 2484 mala
665 2432 769 2486 culmos
858 2438 906 2486 150

58 2505 138 2557 Esset
151 2503 249 2571 robigo,
264 2501 407 2570 segnisque
424 2499 541 2553 horreret
554 2500 580 2552 in
592 2500 665 2554 arvis

58 2573 193 2625 Cardnus:
214 2572 346 2623 intereunt
358 2579 479 2638 segetes:
499 2569 571 2622 subit
582 2586 677 2640 aspera
689 2569 766 2640 silva,

57 2641 95 2695 La
116 2656 221 2710 paeque
234 2639 393 2708 tribulique;
410 2639 534 2707 interque
547 2637 659 2692 nitentia
671 2639 744 2692 culta

57 2659 155 2764 lnlidlix
167 2709 261 2762 lolium
274 2717 301 2762 et
314 2708 418 2761 steriles
430 2707 600 2760 dominantur
611 2725 725 2761 avenae.

57 2780 134 2838 Quod
148 2779 197 2831 nisi
210 2786 237 2830 et
249 2777 364 2831 assiduis
376 2776 487 2830 herbam
500 2775 666 2829 insectabere
679 2775 777 2846 rastris,
859 2781 907 2831 155

58 2850 92 2903 Et
106 2850 193 2901 sonitu
205 2847 318 2900 terrebis
329 2863 401 2915 aves,
415 2853 443 2897 et
455 2845 523 2897 ruris
534 2845 611 2913 opaci

57 2918 139 2972 Falce
152 2933 259 2986 premes
270 2915 401 2984 umbram,
414 2914 536 2983 votisque
548 2912 687 2966 vocaveris
698 2912 829 2968 imbrem:

55 2985 132 3041 Heu!
152 3003 281 3054 magnum
294 2984 403 3038 alterius
414 2982 512 3036 frustra
523 2982 658 3052 spectabis
668 2999 797 3036 acervum
804 3000 812 3055 5

57 3058 247 3124 Concussaque
260 3054 360 3107 samem
374 3053 402 3105 in
414 3052 488 3104 silvis
500 3051 620 3104 solabere
651 3068 742 3106 uercu.

93 3125 244 3180 Dicendum
258 3132 292 3193 et,
306 3140 375 3191 quae
388 3122 439 3174 sint
451 3121 525 3174 duris
539 3068 690 3188 agrestibus
701 3137 784 3191 arma,
859 3127 907 3176 160

58 3195 125 3253 Quis
137 3195 194 3247 sine
208 3210 258 3245 nec
270 3201 380 3261 potuere
393 3189 445 3242 seri
456 3208 508 3243 nec
520 3206 628 3257 surgere
641 3206 760 3244 messes:

58 3263 153 3318 Vomis
165 3270 192 3315 et
205 3262 295 3313 inflexi
308 3261 425 3330 primum
436 3276 516 3327 grave
529 3258 609 3312 robur
618 3259 704 3327 aratri,

848 3344 902 3360 -q

90 3453 132 3505 6*
168 3392 282 3439 160-175.
298 3389 354 3438 The
368 3388 527 3437 instrumento
537 3384 567 3434 ol
577 3383 732 3446 agriculture.

447 3463 464 3499 r
