2086 3622
434 185 527 226 erese
546 185 589 226 rx.
916 170 971 226 301

126 316 220 375 Quave
233 330 336 384 sequar,
350 329 439 367 mrsus
447 310 607 384 'perplexum
619 312 669 366 iter
680 327 759 365 omne
771 309 912 366 revolvens

127 384 243 438 Fallacia
254 383 338 438 silvae
346 383 367 437 l'
403 383 489 437 Simul
501 390 529 435 et
540 382 656 450 vestigia
668 391 736 434 retro

126 455 273 509 Observata
284 453 356 522 legit,
369 452 513 521 dumisque
525 452 665 505 silentibus
677 457 755 503 errat.

126 525 210 576 Audit
222 539 313 593 equos,
326 522 400 575 audit
413 521 538 589 strepitus
550 529 577 572 et
590 522 665 589 signa
677 527 847 590 sequentum.

126 594 186 645 Nec
197 593 307 661 longum
319 592 345 645 in
358 592 447 644 medio
460 599 574 660 tempus,
588 607 651 643 cnm
663 588 808 643 clamored
820 587 893 641 auris
924 592 974 642 395

127 662 258 728 Pervenit,
270 677 304 714 ao
315 661 389 714 videt
402 659 566 728 Euryalum,
604 675 668 712 uem
677 660 735 728 jam
746 675 843 711 manus
853 658 948 728 omnis,

126 731 232 784 Fraude
245 730 295 783 loci
307 739 335 782 et
347 730 440 797 noctis,
454 727 542 781 subito
554 735 596 780 tur
614 736 676 780 ante
689 728 813 783 tumultu.

126 802 291 869 Oppressum
302 798 371 868 rapit
383 806 411 850 et
422 804 564 850 conantem
576 796 691 866 plurima
702 792 813 851 frustra.'

128 868 198 928 Quid
211 867 313 921 saciati
331 884 385 936 qua
397 866 424 919 vi
434 865 570 936 juvenem,
584 866 683 935 quibus
693 866 793 920 audeat
803 866 887 920 armis

127 937 259 1007 Eriperel
276 954 312 990 an
324 952 385 989 sese
398 935 502 988 medios
513 935 655 989 moriturus
666 935 785 989 incuses
923 939 974 989 400

126 1007 234 1076 lnferat,
247 1014 275 1059 et
286 1005 426 1077 pulchram
438 1021 485 1075 pro
521 1013 561 1058 ret
573 1022 622 1076 per
632 1006 743 1059 vulnera
753 1005 888 1060 mortem?

126 1077 208 1129 Ocius
219 1076 336 1129 adducto
348 1083 473 1144 torquens
504 1075 581 1128 astile
592 1075 699 1145 lacerto,

128 1145 281 1214 Suspiciens
291 1144 375 1197 altam
388 1144 499 1212 Lunam,
513 1152 540 1196 et
552 1145 591 1197 sio
601 1160 668 1197 voce
680 1153 817 1214 precatur:

130 1217 193 1282 ιΤιι,
207 1215 266 1284 dea,
281 1221 308 1266 tu
320 1229 448 1282 praesens
459 1221 548 1265 nostro
559 1230 685 1266 succurre
698 1213 788 1282 labori,

127 1287 266 1336 Astrorum
279 1283 363 1334 decus
374 1290 402 1334 et
413 1298 553 1335 nemorum
566 1282 677 1334 Latonia
690 1290 780 1335 custos
787 1298 795 1350 3
923 1286 974 1335 405

126 1353 154 1405 Si
167 1369 221 1420 qua
234 1352 286 1405 tuis
297 1367 429 1419 umquam
441 1366 488 1420 pro
500 1367 545 1403 me
556 1359 632 1420 pater
644 1352 778 1420 Hyrtacus
788 1351 843 1405 aris

128 1423 203 1474 Dona
215 1421 281 1490 tulit,
295 1421 317 1474 si
329 1436 384 1488 qua
394 1419 453 1488 ipse
465 1420 535 1472 meis
546 1420 689 1474 venatibus
700 1419 772 1490 anxi,

127 1490 294 1560 suspendive
306 1489 384 1557 tholo,
398 1497 445 1542 aut
456 1506 530 1542 sacra
542 1489 575 1543 ad
589 1489 694 1558 fastigia
705 1489 765 1543 fixi:

127 1561 205 1612 Hunc
217 1559 274 1613 sine
286 1576 331 1613 me
343 1558 450 1613 turbare
461 1558 578 1629 globum,
591 1567 620 1612 et
632 1576 695 1628 rege
707 1559 761 1613 tela
773 1575 821 1631 per
831 1561 929 1615 auras!

126 1630 244 1699 Dixerat,
258 1637 286 1682 et
298 1637 352 1682 toto
363 1628 493 1682 connixus
504 1646 611 1699 corpore
624 1628 724 1683 ferrum
924 1633 977 1685 410

127 1698 248 1768 Conjicit.
284 1700 367 1752 Hasta
378 1697 471 1751 volans
482 1700 568 1752 noctis
579 1698 729 1753 diverberat
741 1697 859 1772 umbras,

127 1769 162 1821 Et
174 1770 248 1822 venit
258 1769 346 1822 eversi
357 1767 384 1821 in
396 1776 500 1836 tergum
512 1767 652 1849 Sulmonis,
665 1769 755 1838 ibique

126 1837 267 1905 Frangitur
287 1854 321 1889 ao
331 1837 396 1889 fisso
408 1837 500 1889 transit
512 1837 665 1906 praecordia
677 1837 757 1906 ligno.

126 1906 247 1958 Volvitur
258 1876 303 1957 ille
316 1920 427 1958 vomens
438 1904 556 1958 calidum
568 1906 603 1959 de
615 1914 722 1975 pectore
734 1907 837 1961 flumen

126 1974 257 2044 Frigidus,
271 1981 298 2026 et
310 1973 395 2042 longis
407 1973 566 2040 singultibus
577 1974 624 2028 ilia
634 1975 732 2045 pulsat.
781 2008 784 2015 ·
923 1978 976 2031 tto

126 2043 230 2096 Diversi
242 2041 469 2112 circumspiciunt.
505 2043 563 2095 Hoc
574 2044 658 2096 acrior
669 2044 744 2097 idem

126 2114 199 2166 Ecce
211 2111 283 2165 aliud
296 2127 402 2165 summa
414 2110 498 2164 telum
509 2111 623 2166 librabat
634 2111 670 2166 ab
681 2128 755 2167 aure.

126 2183 197 2235 Dum
210 2180 351 2251 trepidant,
364 2181 395 2234 iit
408 2179 485 2233 hasta
495 2181 569 2249 Tago
580 2196 628 2252 per
639 2191 748 2252 tempus
757 2189 911 2257 utrumque,

126 2251 251 2319 Stridens,
264 2249 428 2320 trajectoque
439 2248 526 2302 haesit
539 2250 672 2320 tepefacta
683 2251 801 2307 cerebro.

126 2320 216 2373 Saevit
227 2328 303 2373 atrox
314 2319 450 2388 Volscens,
463 2335 515 2372 neo
526 2319 574 2373 teli
585 2319 714 2391 couspioit
724 2336 840 2393 usquam
923 2325 978 2379 400

126 2391 280 2459 Auctorem,
293 2405 344 2442 nec
354 2406 408 2459 quo
419 2405 449 2442 se
460 2387 558 2442 ardens
569 2389 716 2443 immittere
725 2390 818 2461 possit.

128 2459 184 2511 ‘Tu
197 2466 286 2512 tamen
297 2459 399 2513 interea
410 2457 497 2512 calido
509 2457 575 2512 mihi
674 2459 718 2513 'ne
728 2472 838 2531 poenes·
892 2496 896 2503 ,

127 2526 550 2599 Persolvesemborum,'inquit;
568 2528 620 2583 sim
660 2546 726 2583 ense
738 2528 845 2585 reolum

126 2597 186 2650 Ibat
198 2597 224 2650 in
237 2598 293 2651 Eur
339 2614 396 2651 um.
430 2598 854 2671 Tumveroexterritummens,
1014 2640 1017 2645 .

127 2665 282 2719 Conclamat
319 2666 463 2721 isus-nec
476 2665 607 2719 secelare
619 2667 737 2721 tenebris
923 2670 978 2725 420

127 2733 260 2803 Amplius,
272 2742 319 2786 eut
330 2741 435 2787 tanturn
446 2734 531 2802 potuit
541 2734 660 2802 perferre
671 2734 829 2789 dolorem-

129 2802 199 2870 ‘Me,
213 2819 257 2855 me
278 2801 383 2870 adsum,
395 2802 442 2871 qni
453 2801 516 2869 leci,
530 2802 557 2855 in
569 2818 615 2855 me
626 2802 773 2857 convertite
784 2802 896 2877 lenum,

126 2841 266 2925 ORutulil
286 2886 350 2925 mea
360 2871 434 2924 fraus
444 2870 533 2924 omnis
539 2887 547 2939 3
561 2870 631 2924 nihil
642 2870 693 2925 iste
705 2886 758 2925 neo
767 2888 860 2943 ausus

126 2941 186 2994 Nec
198 2941 281 3011 potuit
288 2956 296 3008 ;
314 2940 419 2993 coelum
432 2939 483 2993 hoc
494 2947 521 2992 et
532 2939 640 2992 conscia
651 2939 741 2993 sidera
750 2948 851 3015 testor;

126 3010 241 3063 Tantum
255 3008 391 3063 infelicem
404 3009 515 3062 nimium
528 3008 622 3062 dilexit
632 3007 771 3063 amicum!
926 3016 979 3069 400

127 3078 204 3133 Talia
216 3079 288 3132 dicta
300 3077 398 3148 dabat,
416 3079 464 3131 sed
475 3078 577 3131 viribus
588 3077 662 3133 ensis
671 3078 785 3135 adactus

85 3239 139 3289 50³.
160 3236 296 3285 Observato.
329 3236 376 3284 See
387 3246 411 3284 at
423 3236 438 3284 i.
450 3240 504 3295 600,
518 3236 541 3285 ii.
553 3238 702 3286 'tlh-408.
717 3236 968 3301 Pressuram·
994 3272 997 3277 -

57 3294 118 3353 M,
134 3312 178 3345 m
195 3297 278 3352 hiera
292 3295 351 3351 dac,
365 3304 386 3344 et
397 3298 432 3344 sie
443 3312 503 3345 voce.
536 3295 628 3344 Others
643 3297 705 3345 omit
720 3298 848 3347 rra-405.
863 3294 994 3349 Iden&

57 3352 170 3415 susti„
228 3355 276 3412 ,iv.
288 3359 340 3403 510.
348 3358 438 3404 -414.
457 3356 568 3405 Observa
579 3355 622 3404 the
632 3364 740 3405 contrast
750 3356 867 3409 between
874 3356 998 3417 eelim]

56 3410 329 3479 alffius-427.
347 3414 454 3475 Mame,
468 3415 518 3466 dec.
550 3415 598 3464 See
609 3414 757 3465 stultus.
967 3414 998 3455 ·:·'.
