2078 3622
439 138 531 178 crass
551 140 581 180 rr.
928 126 970 189 ω

113 266 185 327 Quin
198 265 281 319 etiam
293 265 361 322 coeli
374 267 510 335 regionem
522 267 549 320 in
562 267 659 320 cortice
673 268 777 336 signant

115 337 159 402 Ur,
173 352 225 404 quo
238 352 362 404 quaeque
375 335 453 388 rnodo
466 335 576 404 steterit,
590 353 644 406 qua
656 346 731 406 parte
744 307 846 391 calores
917 341 968 391 270

114 405 255 461 Austrinos
267 405 364 474 tulerit,
378 422 448 474 quae
461 415 536 474 terga
548 406 690 459 obverterit
702 407 755 476 axi,

51 512 54 517 -
114 475 274 529 Restituant.
311 474 387 527 Adeo
400 475 426 527 in
440 475 540 527 teneris
552 491 728 529 consuescere
740 477 857 531 multum
870 483 920 529 ost.

149 542 275 611 Collibus,
289 560 324 596 an
335 543 414 613 plano
426 545 524 597 melius
536 545 570 597 sit
582 561 680 614 ponere
693 545 783 616 vitem,

114 611 219 671 Quaere
231 613 313 681 prius.
350 612 376 665 Si
388 613 495 682 pinguis
506 630 584 682 agros
596 614 734 668 metabere
747 614 844 684 campi,

115 683 206 734 Densa
218 698 285 750 sere,
299 683 325 735 in
337 683 420 735 denso
432 700 485 735 non
497 683 602 750 segnior
614 683 697 736 ubere
709 683 832 739 Bacchus
839 701 847 754 5
913 686 964 736 tro

115 752 158 804 Sin
171 751 281 804 tumulis
292 751 396 804 acclive
409 751 496 805 solum
508 752 637 822 collisque
650 753 766 825 supinos,
777 796 779 800 .

115 820 226 887 Indulge
238 820 382 890 ordinibus,
396 838 447 873 nec
459 821 549 874 secius
557 823 644 874 omnis
656 822 683 875 in
696 839 815 892 unguem

114 889 261 942 Arboribus
273 891 366 959 positis
378 899 451 942 secto
463 891 507 943 via
517 889 604 943 limite
617 891 737 960 quadret.

117 959 150 1013 Ut
161 975 243 1027 saepe
256 959 355 1028 ingenti
367 958 438 1011 bello
450 977 514 1012 curn
526 960 605 1028 longa
617 959 733 1014 cohortis

115 1027 249 1096 Explicuit
262 1029 340 1098 legio,
353 1037 380 1080 et
393 1044 488 1098 campo
500 1030 573 1081 stetit
585 1046 683 1098 agmen
695 1039 795 1100 aperto,
914 1037 965 1087 280

114 1097 293 1166 Directaeque
305 1098 378 1150 ecies
399 1116 431 1150 ac
443 1099 497 1151 late
509 1097 621 1152 fluctuat
633 1100 720 1152 omnis

114 1168 184 1219 Aere
199 1167 327 1220 renidenti
340 1138 427 1237 tellus,
440 1185 491 1220 nec
503 1167 570 1220 dum
582 1168 688 1220 horrida
699 1168 814 1223 miscent

115 1235 224 1304 Proelia,
238 1235 285 1290 sed
298 1235 396 1288 dubius
407 1236 506 1289 mediis
518 1237 593 1290 Mars
605 1245 674 1288 errat
686 1237 714 1290 in
725 1238 822 1292 armis:

116 1304 212 1357 Omnia
224 1305 277 1358 sint
289 1304 397 1374 paribus
408 1306 528 1358 numeris
539 1305 662 1359 dimensa
671 1305 775 1359 viarum
782 1323 790 1375 ;

114 1374 174 1426 Non
185 1373 308 1427 animum
319 1373 398 1426 modo
411 1375 450 1426 uti
463 1385 556 1443 pascat
568 1382 724 1444 prospectus
736 1375 851 1447 inanem,
913 1383 964 1434 285

115 1443 166 1496 Sed
179 1443 241 1512 quia
254 1460 305 1496 non
318 1443 396 1495 aliter
406 1443 478 1496 vires
489 1443 563 1496 dabit
575 1443 701 1497 omuibus
712 1461 744 1496 ae
765 1462 814 1499 uas

102 1512 204 1582 Terra,
218 1529 306 1582 neque
319 1513 346 1565 in
358 1529 474 1565 vacuum
488 1521 611 1581 poterunt
624 1530 654 1566 se
666 1462 812 1568 extendere
824 1517 900 1571 rami.

150 1581 268 1635 Forsitan
282 1590 316 1652 et,
330 1581 469 1634 scrobibus
481 1598 551 1650 quae
564 1582 616 1635 sint
629 1582 746 1654 fastigia,
761 1601 882 1654 quaeras.

116 1651 211 1704 Ausim
222 1650 267 1703 vel
279 1651 352 1704 tenui
366 1651 449 1704 vitem
462 1650 631 1704 committere
644 1652 726 1705 sulco.

115 1720 200 1773 Altior
210 1736 243 1772 ac
255 1720 361 1800 penitus
374 1728 458 1772 terrae
471 1719 596 1789 defigitur
607 1721 721 1774 arbos-
912 1728 963 1778 290

114 1789 248 1843 Aesculus
259 1806 286 1843 rn
299 1788 399 1860 primis,
413 1806 490 1860 quae,
505 1801 634 1858 quantum
647 1790 749 1843 vertice
762 1790 796 1845 ad
809 1809 888 1846 auras

114 1858 265 1927 Aetherias,
278 1865 383 1911 tantum
398 1859 486 1912 radice
500 1858 527 1910 in
539 1859 649 1911 Tartara
661 1859 754 1913 tendit.

117 1928 184 1996 Ergo
198 1943 249 1980 uon
262 1927 368 1981 hiemes
381 1927 463 1998 illam,
476 1945 529 1981 non
541 1927 626 1980 flabra
639 1945 726 1998 neque
739 1929 840 1984 imbres

115 1996 271 2050 Convellunt
279 2013 287 2066 3
305 1997 417 2050 immota
429 2006 528 2067 manet,
540 1997 625 2049 multo
658 2015 692 2051 ue
705 2007 824 2067 nepotes,

115 2066 203 2119 Multa
215 2067 301 2119 virum
315 2066 425 2119 volvens
437 2065 556 2119 durando
569 2082 648 2119 saecu
661 2083 677 2118 a
689 2067 770 2121 vincit
777 2084 785 2136 ς
913 2075 964 2124 295

115 2135 185 2188 Tum
197 2134 272 2188 fortis
284 2135 338 2188 late
352 2152 438 2188 ramos
450 2144 477 2188 et
489 2134 599 2188 brachia
612 2134 726 2188 tendens

115 2205 174 2257 Huc
187 2204 259 2284 illuc,
272 2205 365 2258 media
377 2204 436 2274 ipsa
448 2205 586 2272 ingentem
598 2203 711 2257 sustinet
723 2203 857 2261 umbram.

148 2275 226 2327 Neve
238 2272 286 2327 tibi
298 2274 333 2327 ad
346 2274 431 2326 solem
442 2282 553 2342 vergant
564 2274 655 2327 vineta
667 2273 825 2345 cadentem3

114 2344 191 2397 Neve
204 2345 272 2396 inter
283 2343 345 2396 vitis
356 2342 477 2413 corylum
490 2360 565 2412 sere3
583 2360 652 2397 neve
665 2343 773 2412 flagella

114 2412 225 2466 Summa
236 2420 307 2482 pete,
316 2420 363 2465 aut
376 2430 483 2466 summa
491 2412 577 2465 delrio
597 2429 612 2465 e
625 2431 659 2466 ex
670 2413 764 2466 arbore
775 2411 895 2485 plautas:
914 2419 965 2468 300

113 2481 215 2535 Tantus
226 2499 300 2534 amor
312 2481 414 2535 terrae!
434 2498 488 2535 neu
500 2481 569 2534 ferro
608 2481 660 2535 ede
673 2492 779 2536 retunso

114 2550 221 2604 Semina
228 2567 235 2619 3
254 2568 323 2604 neve
335 2551 395 2603 olea
407 2551 537 2604 silvestris
548 2551 635 2604 insere
649 2560 770 2605 truncos:

113 2620 185 2673 Nam
196 2637 277 2700 saepe
290 2620 405 2674 incautis
416 2620 567 2689 pastoribus
578 2622 676 2674 excidit
688 2620 765 2691 ignis,

112 2688 173 2759 Qui,
187 2688 278 2742 lurtrm
290 2690 383 2759 pingui
395 2690 513 2759 primum
525 2689 576 2742 sub
588 2690 687 2743 cortice
700 2698 795 2760 tectus,

113 2758 216 2811 Robora
228 2759 403 2829 comprendit,
416 2758 578 2827 frondesque
591 2759 699 2828 elapsus
710 2759 737 2812 in
749 2759 817 2812 altas
913 2765 963 2814 305

113 2827 254 2896 Ingentem
266 2828 341 2881 coelo
353 2828 470 2881 sonitum
482 2826 558 2880 dedit
565 2844 573 2896 3
592 2827 655 2880 inde
667 2836 777 2881 secutus

113 2896 164 2949 Per
176 2913 265 2950 ramos
275 2898 361 2950 victor
372 2914 473 2967 perque
485 2896 540 2949 alta
552 2896 694 2949 cacumina
705 2910 807 2968 regnat,

113 2966 147 3019 Et
160 2975 245 3019 totum
258 2965 368 3019 involvit
380 2966 499 3020 flammis
510 2983 615 3034 nemus,
628 2975 655 3018 et
668 2964 720 3019 ruit
732 2973 819 3022 atram

112 3034 154 3088 Ad
167 3035 283 3105 coelum,
296 3036 375 3116 picea
387 3053 492 3088 crassus
503 3035 627 3104 caligine,
641 3035 741 3090 nubem
747 3053 755 3106 3

111 3104 274 3158 Praesertim
286 3123 309 3158 sr
322 3098 469 3173 tempbstas
481 3123 497 3157 a
509 3105 612 3158 vertice
624 3105 700 3158 silvis
914 3110 964 3159 310

112 3172 245 3243 Incubuit,
258 3173 442 3243 glomeratque
456 3174 544 3227 ferens
556 3174 682 3228 incendia
693 3182 798 3228 ventus.

71 3307 186 3356 273-287.
203 3307 241 3354 As
253 3316 279 3353 to
288 3304 330 3354 the
339 3304 410 3354 mode
420 3304 448 3352 of
454 3305 571 3368 plauting.
579 3309 730 3356 -288-314.
743 3305 847 3354 various
859 3305 962 3357 instruo·

45 3361 106 3415 oon·
117 3364 163 3415 sud
175 3365 298 3426 wamings
309 3379 350 3414 aro
361 3364 442 3425 giren.
