2086 3622
380 176 471 217 LlBER
492 177 521 214 Χ.

62 307 113 361 Ora
126 306 218 376 modis,
232 305 418 375 Anchisiades,
431 305 558 374 pallentia
570 305 651 378 miris,

62 376 198 445 Ingemuit
210 378 340 429 miserans
352 376 473 444 graviter,
487 375 662 446 dextramque
674 378 795 449 tetendit,

62 447 98 500 Et
109 454 230 500 mentem
242 445 344 515 patriae
358 444 438 499 subiit
450 445 557 514 pietatis
569 446 666 514 imago.
749 494 762 524 x

63 516 149 574 ‘Quid
162 515 210 568 tibi
222 533 301 584 nunc,
315 514 466 568 miserande
479 531 552 583 puer,
566 532 613 584 pro
626 517 750 571 laudibus
762 517 828 589 istis,
858 523 910 572 825

60 585 131 646 Quid
144 586 205 655 pius
216 589 325 639 Aeneas
338 593 411 638 tanta
424 583 498 637 dabit
512 583 599 638 indole
612 587 744 655 dignuml

60 661 151 722 Arma,
165 654 264 723 quibus
277 655 398 722 laetatus,
412 652 483 705 habe
495 660 557 723 tua,
577 666 658 725 teque
670 666 812 725 parentum

60 724 190 777 Manibus
202 732 229 776 et
241 724 332 792 cineri,
346 723 369 775 si
382 739 435 791 qua
448 730 488 774 est
501 740 534 775 ea
546 741 617 793 cura,
632 727 747 779 remitto.

59 794 116 847 Hoc
128 804 219 846 tamen
231 792 323 846 infelix
334 793 461 844 miseram
473 792 593 847 solabere
606 805 734 849 mortem:

60 866 170 916 Aeneae
182 863 273 931 magni
286 862 380 915 dextra
391 860 483 914 cadis.²
520 862 722 932 Increpatultro
857 872 908 920 830

60 932 215 987 Cunctantis
228 931 320 1001 socios,
334 939 360 984 et
373 939 442 984 terra
455 931 576 985 sublevat
589 933 684 1003 ipsum,

59 1002 193 1070 Sanguine
206 1010 357 1070 turpantem
369 1009 489 1069 comptos
501 1001 536 1053 de
548 1019 622 1056 more
634 1002 751 1072 capillos.

94 1073 199 1124 lnterea
210 1071 313 1138 genitor
324 1069 443 1123 Tiberini
455 1069 490 1122 ad
502 1070 622 1124 fluminis
632 1072 733 1125 undam

59 1141 176 1193 Vulnera
188 1140 305 1192 siccabat
318 1139 442 1210 lymphis,
456 1155 605 1209 corpusque
619 1139 726 1193 levabat
746 1192 749 1198 ,

59 1210 167 1263 Arboris
179 1208 289 1261 acclinis
301 1217 402 1261 trunco.
439 1208 534 1261 Procul
545 1225 624 1261 aerea
636 1210 718 1262 ramis
857 1216 907 1266 835

58 1277 199 1347 Dependet
210 1277 296 1346 galea,
309 1285 336 1330 et
348 1286 422 1346 prato
433 1277 525 1344 gravia
536 1294 612 1330 arma
623 1279 774 1346 quiescunt.

58 1348 133 1400 Stant
146 1347 209 1399 lecti
222 1346 322 1399 circum
333 1345 446 1415 juvenes
453 1362 461 1414 ;
480 1347 538 1416 ipse
549 1363 637 1417 aeger,
650 1347 780 1402 anhelans

59 1417 132 1470 Colla
143 1416 224 1485 fovet,
237 1415 314 1468 lusus
326 1432 469 1486 propexam
483 1415 509 1468 in
521 1426 629 1485 pectore
642 1417 752 1471 barbam
759 1435 767 1487 ;

56 1487 144 1539 Multa
157 1503 236 1556 super
247 1485 335 1538 Lauso
347 1485 447 1553 rogitat,
462 1486 612 1554 multosque
625 1487 742 1556 remittit,

58 1556 109 1615 Qui
123 1562 255 1623 revocent,
269 1555 421 1624 moestique
434 1555 519 1608 lerant
533 1555 658 1608 mandata
688 1557 795 1609 arentis.
855 1563 907 1612 810

59 1629 94 1678 At
107 1627 225 1678 Lausum
238 1625 302 1677 socii
315 1626 469 1678 exanimem
481 1640 560 1693 super
572 1642 647 1678 arma
671 1625 780 1679 erebant

59 1694 176 1763 Flentes,
190 1695 326 1763 ingentem
337 1702 419 1764 atque
432 1694 533 1763 ingenti
546 1694 655 1748 vulnere
669 1695 779 1748 victum.

59 1765 175 1832 Agnovit
188 1763 266 1832 longe
278 1764 411 1831 gemitum
423 1780 551 1832 praesaga
563 1764 628 1817 mali
640 1782 725 1818 meus.

59 1834 190 1885 Canitiem
203 1833 286 1885 multo
299 1832 430 1885 deformat
443 1833 560 1902 pulvere,
574 1842 601 1885 et
612 1834 706 1886 ambas

60 1903 101 1955 Ad
115 1902 221 1954 coelum
233 1900 318 1954 tendit
332 1902 442 1979 palmas,
456 1911 483 1953 et
495 1918 602 1970 corpore
615 1902 743 1955 inhaeret.
856 1908 906 1957 815

62 1972 196 2023 ‘Tantane
208 1988 253 2023 me
266 1977 350 2022 tenurt
362 1969 478 2040 vivendi,
492 1977 561 2039 nate,
576 1970 707 2040 voluptas,

58 2041 94 2093 Ut
106 2059 152 2110 pro
164 2057 209 2092 me
223 2039 310 2092 hostili
323 2048 427 2107 paterer
439 2039 584 2092 succedere
596 2039 714 2109 dextrae,

58 2110 147 2167 Quem
158 2109 259 2176 genuit
294 2109 387 2160 Tuane
399 2107 468 2161 haee
479 2108 587 2176 genitor¹
592 2125 640 2178 per
651 2108 762 2161 vulnera
774 2124 871 2181 servor,

58 2180 146 2231 Morte
159 2187 205 2231 tua
217 2176 330 2233 vivensl
365 2177 432 2245 Heu,
447 2194 517 2230 nunc
528 2177 627 2230 misero
640 2177 706 2231 mihi
719 2177 831 2232 demum

59 2249 177 2301 Exitium
190 2245 297 2300 infelix!
318 2263 391 2299 nunc
403 2247 457 2300 alte
470 2245 567 2299 vulnus
579 2246 720 2300 adactum!
857 2253 908 2302 850

57 2317 134 2369 Idem
146 2334 204 2385 ego,
218 2325 287 2382 nate,
302 2324 379 2368 tuum
391 2315 524 2369 maculavi
538 2316 649 2369 crimine
661 2333 768 2387 nornen,

58 2387 155 2440 Pulsus
166 2386 200 2440 ob
212 2385 340 2439 invidiam
352 2385 418 2437 solio
430 2402 475 2438 sce
496 2384 596 2453 trisque
607 2387 733 2455 paternis.

58 2456 212 2518 Debueram
224 2454 326 2525 patriae
338 2471 466 2524 poenaso
487 2455 573 2524 iisque
585 2471 723 2508 meorum:

57 2526 151 2579 Omnis
163 2542 210 2605 per
221 2525 313 2578 mortis
326 2524 445 2578 animam
458 2533 562 2577 sontem
574 2525 632 2594 ipse
644 2523 789 2578 dedissem.

57 2595 136 2647 Nune
145 2611 212 2663 vivo,
223 2610 311 2662 neque
319 2592 409 2646 adhuc
418 2594 540 2647 homines
551 2593 694 2662 lucemque
708 2594 835 2662 relinquo.
856 2598 906 2648 885

58 2663 110 2716 Sed
123 2662 262 2731 linquam!
300 2661 385 2715 Simul
398 2662 448 2715 hoc
460 2662 552 2715 dicens
563 2661 659 2713 attollit
671 2662 697 2714 in
709 2679 821 2730 aegrum

59 2733 92 2785 Se
105 2731 201 2798 femur,
215 2738 250 2798 et,
264 2747 428 2799 quamquam
441 2732 482 2782 vis
493 2731 547 2782 alto
559 2731 668 2782 vulnere
681 2730 776 2795 tardat,

58 2800 137 2853 Haud
149 2798 272 2868 dejectus
284 2815 385 2867 equum
398 2799 459 2852 duci
471 2799 555 2868 jubet.
592 2799 648 2850 Hoc
660 2797 745 2852 decus
756 2798 801 2870 illi,

58 2870 115 2922 Hoc
128 2868 246 2922 solamen
260 2877 331 2935 erat;
350 2867 429 2921 bellis
440 2868 491 2921 hoc
503 2868 586 2919 victor
597 2866 688 2919 abibat

58 2938 196 2992 Omnibus.
234 2937 384 3004 Alloquitur
396 2945 569 3003 moerentem,
584 2944 611 2988 et
624 2935 723 2988 talibus
734 2935 807 2990 infit:
856 2942 907 2991 880

59 3008 192 3078 ‘Rhoebe,
207 3008 262 3074 diu,
276 3022 319 3058 res
331 3007 353 3057 si
366 3007 476 3075 quadiu
490 3005 645 3058 mortalibus
656 3004 712 3057 ulla
724 3018 773 3077 est,

57 3077 188 3131 Viximus.
225 3079 281 3129 Aut
292 3074 372 3127 hodie
386 3076 469 3128 victor
480 3076 563 3144 spolia
575 3074 620 3127 illa
633 3083 744 3127 cruenta

58 3147 93 3199 Et
105 3155 185 3216 caput
197 3148 308 3198 Aeneae
321 3144 428 3215 referes,
442 3144 576 3214 Lausique
588 3143 709 3197 dolorum

58 3213 134 3269 Ultor
146 3215 199 3268 eris
212 3231 327 3283 mecum,
341 3221 394 3283 aut,
408 3215 492 3284 aperit
505 3214 527 3266 si
540 3212 614 3266 nulla
626 3215 699 3266 viam
712 3212 762 3283 vis,

250 3317 307 3322 ......
315 3318 322 3321 .
329 3316 440 3321 -...-.,
458 3312 655 3320 .....-*....Μ
825 3309 904 3319 ...-....

15 3352 70 3400 884.
87 3350 135 3399 See
146 3316 277 3398 uitiiset
312 3350 404 3398 Others
414 3349 472 3398 read
482 3351 591 3397 strinxit.
599 3350 689 3394 -832,
701 3345 739 3395 De
748 3363 818 3401 more.
831 3345 856 3396 111
866 3356 909 3398 tlte

19 3424 90 3459 rinei·
100 3410 128 3456 ol
140 3411 177 3457 his
189 3421 357 3470 countryrnen,
371 3410 412 3457 the
425 3409 655 3456 Etruriam-852.
674 3406 720 3453 See
731 3405 781 3454 viii.
791 3408 845 3464 181,
858 3406 908 3457 &a

91 3472 122 3519 83
421 3475 464 3521 en
