<?xml version="1.0" encoding="UTF-8"?>
<!DOCTYPE html PUBLIC "-//W3C//DTD XHTML 1.0 Transitional//EN"
    "http://www.w3.org/TR/xhtml1/DTD/xhtml1-transitional.dtd">
<html xmlns="http://www.w3.org/1999/xhtml" xml:lang="en" lang="en">
 <head>
  <title>
</title>
<meta http-equiv="Content-Type" content="text/html;charset=utf-8" />
  <meta name='ocr-system' content='tesseract 3.04.00' />
  <meta name='ocr-capabilities' content='ocr_page ocr_carea ocr_par ocr_line ocrx_word'/>
</head>
<body>
  <div class='ocr_page' id='page_1' title='image "./carmina00virggoog_0119.png"; bbox 0 0 2086 3622; ppageno 0'>
   <div class='ocr_carea' id='block_1_1' title="bbox 414 161 568 203">
    <p class='ocr_par' dir='ltr' id='par_1_1' title="bbox 414 161 568 203">
     <span class='ocr_line' id='line_1_1' title="bbox 414 161 568 203; baseline -0.013 0"><span class='ocrx_word' id='word_1_1' title='bbox 414 161 508 203; x_wconf 70' lang='lat' dir='ltr'>LIBER</span> <span class='ocrx_word' id='word_1_2' title='bbox 527 161 568 202; x_wconf 83' lang='lat' dir='ltr'>tv.</span> 
     </span>
    </p>
   </div>
   <div class='ocr_carea' id='block_1_2' title="bbox 90 289 948 2862">
    <p class='ocr_par' dir='ltr' id='par_1_2' title="bbox 90 289 948 2862">
     <span class='ocr_line' id='line_1_2' title="bbox 95 289 764 362; baseline -0.004 -14"><span class='ocrx_word' id='word_1_3' title='bbox 95 291 247 362; x_wconf 81' lang='lat' dir='ltr'>Expediam</span> <span class='ocrx_word' id='word_1_4' title='bbox 260 291 346 361; x_wconf 88' lang='lat' dir='ltr'>prima</span> <span class='ocrx_word' id='word_1_5' title='bbox 357 299 482 361; x_wconf 91' lang='lat' dir='ltr'>repetens</span> <span class='ocrx_word' id='word_1_6' title='bbox 493 289 528 342; x_wconf 91' lang='lat' dir='ltr'>ab</span> <span class='ocrx_word' id='word_1_7' title='bbox 540 289 641 357; x_wconf 81' lang='lat' dir='ltr'>origine</span> <span class='ocrx_word' id='word_1_8' title='bbox 653 289 764 345; x_wconf 85' lang='lat' dir='ltr'>samam.</span> 
     </span>
     <span class='ocr_line' id='line_1_3' title="bbox 95 359 693 430; baseline -0.003 -15"><span class='ocrx_word' id='word_1_9' title='bbox 95 363 176 430; x_wconf 91' lang='lat' dir='ltr'>Nam,</span> <span class='ocrx_word' id='word_1_10' title='bbox 190 377 244 430; x_wconf 91' lang='lat' dir='ltr'>qua</span> <span class='ocrx_word' id='word_1_11' title='bbox 255 360 356 413; x_wconf 81' lang='lat' dir='ltr'>Pellaei</span> <span class='ocrx_word' id='word_1_12' title='bbox 368 378 436 430; x_wconf 88' lang='lat' dir='ltr'>gens</span> <span class='ocrx_word' id='word_1_13' title='bbox 447 361 581 412; x_wconf 82' lang='lat' dir='ltr'>fortunata</span> <span class='ocrx_word' id='word_1_14' title='bbox 593 359 693 430; x_wconf 83' lang='lat' dir='ltr'>Canopi</span> 
     </span>
     <span class='ocr_line' id='line_1_4' title="bbox 95 429 719 499; baseline -0.003 -15"><span class='ocrx_word' id='word_1_15' title='bbox 95 431 200 485; x_wconf 81' lang='lat' dir='ltr'>Accolit</span> <span class='ocrx_word' id='word_1_16' title='bbox 212 429 298 483; x_wconf 85' lang='lat' dir='ltr'>effuso</span> <span class='ocrx_word' id='word_1_17' title='bbox 312 439 481 498; x_wconf 79' lang='lat' dir='ltr'>stagnantem</span> <span class='ocrx_word' id='word_1_18' title='bbox 493 429 605 481; x_wconf 91' lang='lat' dir='ltr'>flumine</span> <span class='ocrx_word' id='word_1_19' title='bbox 617 429 719 499; x_wconf 90' lang='lat' dir='ltr'>Nilum,</span> 
     </span>
     <span class='ocr_line' id='line_1_5' title="bbox 94 498 724 620; baseline -0.003 -65"><span class='ocrx_word' id='word_1_20' title='bbox 94 502 130 555; x_wconf 89' lang='lat' dir='ltr'>Et</span> <span class='ocrx_word' id='word_1_21' title='bbox 142 501 244 552; x_wconf 89' lang='lat' dir='ltr'>circum</span> <span class='ocrx_word' id='word_1_22' title='bbox 256 500 335 569; x_wconf 88' lang='lat' dir='ltr'>pictis</span> <span class='ocrx_word' id='word_1_23' title='bbox 345 500 453 553; x_wconf 84' lang='lat' dir='ltr'>vehitur</span> <span class='ocrx_word' id='word_1_24' title='bbox 465 515 514 551; x_wconf 91' lang='lat' dir='ltr'>sua</span> <span class='ocrx_word' id='word_1_25' title='bbox 527 515 586 551; x_wconf 89' lang='lat' dir='ltr'>rura</span> <span class='ocrx_word' id='word_1_26' title='bbox 589 498 724 620; x_wconf 73' lang='lat' dir='ltr'>phaselis,</span> 
     </span>
     <span class='ocr_line' id='line_1_6' title="bbox 94 569 946 640; baseline 0 -18"><span class='ocrx_word' id='word_1_27' title='bbox 94 571 208 638; x_wconf 84' lang='lat' dir='ltr'>Quaque</span> <span class='ocrx_word' id='word_1_28' title='bbox 221 569 390 638; x_wconf 83' lang='lat' dir='ltr'>pharetratae</span> <span class='ocrx_word' id='word_1_29' title='bbox 402 569 502 622; x_wconf 88' lang='lat' dir='ltr'>vicinia</span> <span class='ocrx_word' id='word_1_30' title='bbox 514 569 587 621; x_wconf 88' lang='lat' dir='ltr'>Persi</span> <span class='ocrx_word' id='word_1_31' title='bbox 609 569 632 622; x_wconf 91' lang='lat' dir='ltr'>is</span> <span class='ocrx_word' id='word_1_32' title='bbox 643 578 746 640; x_wconf 86' lang='lat' dir='ltr'>urguet,</span> <span class='ocrx_word' id='word_1_33' title='bbox 897 574 946 622; x_wconf 79' lang='grc'>290</span> 
     </span>
     <span class='ocr_line' id='line_1_7' title="bbox 95 638 690 709; baseline -0.002 -17"><span class='ocrx_word' id='word_1_34' title='bbox 95 639 130 692; x_wconf 83' lang='grc' dir='ltr'>Εῑ</span> <span class='ocrx_word' id='word_1_35' title='bbox 143 640 248 692; x_wconf 87' lang='lat' dir='ltr'>diversa</span> <span class='ocrx_word' id='word_1_36' title='bbox 260 656 341 693; x_wconf 87' lang='lat' dir='ltr'>ruens</span> <span class='ocrx_word' id='word_1_37' title='bbox 353 647 459 709; x_wconf 90' lang='lat' dir='ltr'>septem</span> <span class='ocrx_word' id='word_1_38' title='bbox 470 638 593 691; x_wconf 82' lang='lat' dir='ltr'>discurrit</span> <span class='ocrx_word' id='word_1_39' title='bbox 605 639 631 691; x_wconf 91' lang='lat' dir='ltr'>in</span> <span class='ocrx_word' id='word_1_40' title='bbox 644 655 690 692; x_wconf 85' lang='lat' dir='ltr'>ora</span> 
     </span>
     <span class='ocr_line' id='line_1_8' title="bbox 92 707 693 778; baseline -0.002 -17"><span class='ocrx_word' id='word_1_41' title='bbox 92 708 186 778; x_wconf 81' lang='lat' dir='ltr'>Usque</span> <span class='ocrx_word' id='word_1_42' title='bbox 198 709 321 761; x_wconf 87' lang='lat' dir='ltr'>eoloratis</span> <span class='ocrx_word' id='word_1_43' title='bbox 332 708 421 760; x_wconf 87' lang='lat' dir='ltr'>amnis</span> <span class='ocrx_word' id='word_1_44' title='bbox 433 707 555 760; x_wconf 85' lang='lat' dir='ltr'>devexus</span> <span class='ocrx_word' id='word_1_45' title='bbox 566 708 602 760; x_wconf 93' lang='lat' dir='ltr'>ab</span> <span class='ocrx_word' id='word_1_46' title='bbox 613 708 693 777; x_wconf 91' lang='lat' dir='ltr'>Indis,</span> 
     </span>
     <span class='ocr_line' id='line_1_9' title="bbox 94 776 752 849; baseline 0 -18"><span class='ocrx_word' id='word_1_47' title='bbox 94 778 130 831; x_wconf 85' lang='lat' dir='ltr'>Et</span> <span class='ocrx_word' id='word_1_48' title='bbox 141 777 256 831; x_wconf 84' lang='lat' dir='ltr'>viridem</span> <span class='ocrx_word' id='word_1_49' title='bbox 268 780 424 846; x_wconf 90' lang='lat' dir='ltr'>Aegyptum</span> <span class='ocrx_word' id='word_1_50' title='bbox 436 778 512 845; x_wconf 87' lang='lat' dir='ltr'>nigra</span> <span class='ocrx_word' id='word_1_51' title='bbox 524 776 651 831; x_wconf 83' lang='lat' dir='ltr'>fecundat</span> <span class='ocrx_word' id='word_1_52' title='bbox 662 795 752 849; x_wconf 88' lang='lat' dir='ltr'>arena,</span> 
     </span>
     <span class='ocr_line' id='line_1_10' title="bbox 93 845 772 916; baseline 0 -16"><span class='ocrx_word' id='word_1_53' title='bbox 93 847 187 900; x_wconf 91' lang='lat' dir='ltr'>Omnis</span> <span class='ocrx_word' id='word_1_54' title='bbox 199 847 227 899; x_wconf 92' lang='lat' dir='ltr'>in</span> <span class='ocrx_word' id='word_1_55' title='bbox 240 849 292 900; x_wconf 91' lang='lat' dir='ltr'>hac</span> <span class='ocrx_word' id='word_1_56' title='bbox 304 857 405 899; x_wconf 90' lang='lat' dir='ltr'>certam</span> <span class='ocrx_word' id='word_1_57' title='bbox 418 847 491 916; x_wconf 86' lang='lat' dir='ltr'>regio</span> <span class='ocrx_word' id='word_1_58' title='bbox 502 845 566 916; x_wconf 89' lang='lat' dir='ltr'>jacit</span> <span class='ocrx_word' id='word_1_59' title='bbox 577 855 634 899; x_wconf 90' lang='lat' dir='ltr'>arte</span> <span class='ocrx_word' id='word_1_60' title='bbox 647 848 772 902; x_wconf 91' lang='lat' dir='ltr'>salutem.</span> 
     </span>
     <span class='ocr_line' id='line_1_11' title="bbox 93 916 947 989; baseline 0 -19"><span class='ocrx_word' id='word_1_61' title='bbox 93 917 217 985; x_wconf 84' lang='lat' dir='ltr'><strong>Exiguus</strong></span> <span class='ocrx_word' id='word_1_62' title='bbox 228 917 352 986; x_wconf 90' lang='lat' dir='ltr'>primum,</span> <span class='ocrx_word' id='word_1_63' title='bbox 365 925 447 986; x_wconf 91' lang='lat' dir='ltr'>atque</span> <span class='ocrx_word' id='word_1_64' title='bbox 459 916 530 985; x_wconf 89' lang='lat' dir='ltr'>ipsos</span> <span class='ocrx_word' id='word_1_65' title='bbox 541 923 693 970; x_wconf 85' lang='lat' dir='ltr'>contractus</span> <span class='ocrx_word' id='word_1_66' title='bbox 703 918 739 970; x_wconf 88' lang='lat' dir='ltr'>ad</span> <span class='ocrx_word' id='word_1_67' title='bbox 752 934 824 989; x_wconf 90' lang='lat' dir='ltr'>usus,</span> <span class='ocrx_word' id='word_1_68' title='bbox 897 920 947 970; x_wconf 78' lang='lat'>29⁵</span> 
     </span>
     <span class='ocr_line' id='line_1_12' title="bbox 94 986 773 1055; baseline 0.003 -17"><span class='ocrx_word' id='word_1_69' title='bbox 94 986 208 1054; x_wconf 85' lang='lat' dir='ltr'>Eligitur</span> <span class='ocrx_word' id='word_1_70' title='bbox 220 986 294 1039; x_wconf 89' lang='lat' dir='ltr'>locus</span> <span class='ocrx_word' id='word_1_71' title='bbox 301 1003 309 1055; x_wconf 87' lang='lat'>;</span> <span class='ocrx_word' id='word_1_72' title='bbox 328 986 400 1039; x_wconf 90' lang='lat' dir='ltr'>huno</span> <span class='ocrx_word' id='word_1_73' title='bbox 411 986 572 1055; x_wconf 83' lang='lat' dir='ltr'>angustique</span> <span class='ocrx_word' id='word_1_74' title='bbox 584 986 696 1039; x_wconf 84' lang='lat' dir='ltr'>imbrice</span> <span class='ocrx_word' id='word_1_75' title='bbox 710 989 773 1040; x_wconf 89' lang='lat' dir='ltr'>tecti</span> 
     </span>
     <span class='ocr_line' id='line_1_13' title="bbox 93 1056 822 1127; baseline 0.004 -19"><span class='ocrx_word' id='word_1_76' title='bbox 93 1056 297 1124; x_wconf 87' lang='lat' dir='ltr'>Parietibusque</span> <span class='ocrx_word' id='word_1_77' title='bbox 308 1064 432 1126; x_wconf 88' lang='lat' dir='ltr'>premunt</span> <span class='ocrx_word' id='word_1_78' title='bbox 445 1056 534 1122; x_wconf 86' lang='lat' dir='ltr'>arctis,</span> <span class='ocrx_word' id='word_1_79' title='bbox 548 1064 575 1107; x_wconf 90' lang='lat' dir='ltr'>et</span> <span class='ocrx_word' id='word_1_80' title='bbox 587 1065 701 1124; x_wconf 88' lang='lat' dir='ltr'>quatuor</span> <span class='ocrx_word' id='word_1_81' title='bbox 712 1056 822 1127; x_wconf 93' lang='lat' dir='ltr'>addunt,</span> 
     </span>
     <span class='ocr_line' id='line_1_14' title="bbox 92 1124 694 1194; baseline 0.002 -18"><span class='ocrx_word' id='word_1_82' title='bbox 92 1125 213 1183; x_wconf 86' lang='lat' dir='ltr'>Quatuor</span> <span class='ocrx_word' id='word_1_83' title='bbox 224 1143 241 1176; x_wconf 91' lang='lat' dir='ltr'>a</span> <span class='ocrx_word' id='word_1_84' title='bbox 252 1126 348 1194; x_wconf 82' lang='lat' dir='ltr'>ventis,</span> <span class='ocrx_word' id='word_1_85' title='bbox 361 1124 470 1193; x_wconf 88' lang='lat' dir='ltr'>obliqua</span> <span class='ocrx_word' id='word_1_86' title='bbox 482 1125 543 1177; x_wconf 91' lang='lat' dir='ltr'>luce</span> <span class='ocrx_word' id='word_1_87' title='bbox 554 1124 694 1178; x_wconf 86' lang='lat' dir='ltr'>fenestras.</span> 
     </span>
     <span class='ocr_line' id='line_1_15' title="bbox 92 1193 767 1262; baseline 0.003 -17"><span class='ocrx_word' id='word_1_88' title='bbox 92 1195 165 1246; x_wconf 91' lang='lat' dir='ltr'>Tum</span> <span class='ocrx_word' id='word_1_89' title='bbox 177 1194 278 1246; x_wconf 90' lang='lat' dir='ltr'>vitulus</span> <span class='ocrx_word' id='word_1_90' title='bbox 289 1194 364 1246; x_wconf 91' lang='lat' dir='ltr'>bima</span> <span class='ocrx_word' id='word_1_91' title='bbox 376 1210 491 1246; x_wconf 84' lang='lat' dir='ltr'>curvans</span> <span class='ocrx_word' id='word_1_92' title='bbox 501 1193 558 1262; x_wconf 89' lang='lat' dir='ltr'>jam</span> <span class='ocrx_word' id='word_1_93' title='bbox 570 1210 669 1247; x_wconf 89' lang='lat' dir='ltr'>cornua</span> <span class='ocrx_word' id='word_1_94' title='bbox 681 1194 767 1248; x_wconf 82' lang='lat' dir='ltr'>fronte</span> 
     </span>
     <span class='ocr_line' id='line_1_16' title="bbox 92 1263 948 1332; baseline 0.002 -18"><span class='ocrx_word' id='word_1_95' title='bbox 92 1263 236 1322; x_wconf 80' lang='lat' dir='ltr'>Quaeritur</span> <span class='ocrx_word' id='word_1_96' title='bbox 243 1279 251 1331; x_wconf 79' lang='lat'>3</span> <span class='ocrx_word' id='word_1_97' title='bbox 262 1263 333 1315; x_wconf 91' lang='lat' dir='ltr'>huic</span> <span class='ocrx_word' id='word_1_98' title='bbox 345 1263 470 1331; x_wconf 87' lang='lat' dir='ltr'>geminae</span> <span class='ocrx_word' id='word_1_99' title='bbox 482 1279 562 1316; x_wconf 89' lang='lat' dir='ltr'>nares</span> <span class='ocrx_word' id='word_1_100' title='bbox 573 1272 600 1315; x_wconf 92' lang='lat' dir='ltr'>et</span> <span class='ocrx_word' id='word_1_101' title='bbox 612 1264 721 1332; x_wconf 86' lang='lat' dir='ltr'>spiritus</span> <span class='ocrx_word' id='word_1_102' title='bbox 732 1265 786 1317; x_wconf 91' lang='lat' dir='ltr'>oris</span> <span class='ocrx_word' id='word_1_103' title='bbox 898 1267 948 1316; x_wconf 94' lang='grc'>300</span> 
     </span>
     <span class='ocr_line' id='line_1_17' title="bbox 91 1331 804 1404; baseline 0.003 -20"><span class='ocrx_word' id='word_1_104' title='bbox 91 1333 183 1385; x_wconf 86' lang='lat' dir='ltr'>Multa</span> <span class='ocrx_word' id='word_1_105' title='bbox 195 1331 337 1384; x_wconf 84' lang='lat' dir='ltr'>reluctanti</span> <span class='ocrx_word' id='word_1_106' title='bbox 349 1331 500 1400; x_wconf 80' lang='lat' dir='ltr'>obstruitur,</span> <span class='ocrx_word' id='word_1_107' title='bbox 513 1332 652 1401; x_wconf 80' lang='lat' dir='ltr'>plagisque</span> <span class='ocrx_word' id='word_1_108' title='bbox 665 1342 804 1404; x_wconf 89' lang='lat' dir='ltr'>perempto</span> 
     </span>
     <span class='ocr_line' id='line_1_18' title="bbox 91 1400 867 1471; baseline 0.003 -17"><span class='ocrx_word' id='word_1_109' title='bbox 91 1402 185 1454; x_wconf 87' lang='lat' dir='ltr'>Tunsa</span> <span class='ocrx_word' id='word_1_110' title='bbox 197 1419 245 1470; x_wconf 91' lang='lat' dir='ltr'>per</span> <span class='ocrx_word' id='word_1_111' title='bbox 257 1401 390 1469; x_wconf 89' lang='lat' dir='ltr'>integram</span> <span class='ocrx_word' id='word_1_112' title='bbox 402 1400 541 1454; x_wconf 86' lang='lat' dir='ltr'>solvuntur</span> <span class='ocrx_word' id='word_1_113' title='bbox 553 1405 659 1454; x_wconf 86' lang='lat' dir='ltr'>viscera</span> <span class='ocrx_word' id='word_1_114' title='bbox 670 1402 779 1471; x_wconf 91' lang='lat' dir='ltr'>pellem.</span> <span class='ocrx_word' id='word_1_115' title='bbox 838 1416 867 1467; x_wconf 49' lang='lat' dir='ltr'>qt·</span> 
     </span>
     <span class='ocr_line' id='line_1_19' title="bbox 92 1470 772 1550; baseline 0.004 -27"><span class='ocrx_word' id='word_1_116' title='bbox 92 1471 136 1524; x_wconf 87' lang='lat' dir='ltr'>Sic</span> <span class='ocrx_word' id='word_1_117' title='bbox 148 1472 265 1550; x_wconf 88' lang='lat' dir='ltr'>positum</span> <span class='ocrx_word' id='word_1_118' title='bbox 277 1471 304 1523; x_wconf 92' lang='lat' dir='ltr'>in</span> <span class='ocrx_word' id='word_1_119' title='bbox 316 1471 408 1524; x_wconf 88' lang='lat' dir='ltr'>clauso</span> <span class='ocrx_word' id='word_1_120' title='bbox 420 1470 532 1540; x_wconf 91' lang='lat' dir='ltr'>liquunt,</span> <span class='ocrx_word' id='word_1_121' title='bbox 545 1479 573 1523; x_wconf 90' lang='lat' dir='ltr'>et</span> <span class='ocrx_word' id='word_1_122' title='bbox 586 1487 678 1524; x_wconf 87' lang='lat' dir='ltr'>ramea</span> <span class='ocrx_word' id='word_1_123' title='bbox 689 1473 772 1526; x_wconf 81' lang='lat' dir='ltr'>coetis</span> 
     </span>
     <span class='ocr_line' id='line_1_20' title="bbox 92 1540 855 1611; baseline 0.004 -17"><span class='ocrx_word' id='word_1_124' title='bbox 92 1540 243 1610; x_wconf 83' lang='lat' dir='ltr'>Suinciunt</span> <span class='ocrx_word' id='word_1_125' title='bbox 254 1540 414 1611; x_wconf 86' lang='lat' dir='ltr'>fragmenta,</span> <span class='ocrx_word' id='word_1_126' title='bbox 428 1540 561 1611; x_wconf 88' lang='lat' dir='ltr'>thymum,</span> <span class='ocrx_word' id='word_1_127' title='bbox 575 1542 717 1611; x_wconf 82' lang='lat' dir='ltr'>&#39;casiasque</span> <span class='ocrx_word' id='word_1_128' title='bbox 729 1542 855 1597; x_wconf 86' lang='lat' dir='ltr'>recentis.</span> 
     </span>
     <span class='ocr_line' id='line_1_21' title="bbox 92 1610 946 1685; baseline 0.002 -22"><span class='ocrx_word' id='word_1_129' title='bbox 92 1611 151 1663; x_wconf 92' lang='lat' dir='ltr'>Hoc</span> <span class='ocrx_word' id='word_1_130' title='bbox 162 1612 263 1679; x_wconf 90' lang='lat' dir='ltr'>geritur</span> <span class='ocrx_word' id='word_1_131' title='bbox 274 1610 405 1681; x_wconf 86' lang='lat' dir='ltr'>Zephyris</span> <span class='ocrx_word' id='word_1_132' title='bbox 422 1611 540 1680; x_wconf 88' lang='lat' dir='ltr'>primum</span> <span class='ocrx_word' id='word_1_133' title='bbox 553 1611 754 1680; x_wconf 86' lang='lat' dir='ltr'>impellentibus</span> <span class='ocrx_word' id='word_1_134' title='bbox 765 1612 859 1685; x_wconf 83' lang='lat' dir='ltr'>undas,</span> <span class='ocrx_word' id='word_1_135' title='bbox 896 1616 946 1665; x_wconf 84' lang='grc'>305</span> 
     </span>
     <span class='ocr_line' id='line_1_22' title="bbox 93 1681 789 1751; baseline 0.003 -17"><span class='ocrx_word' id='word_1_136' title='bbox 93 1684 164 1734; x_wconf 79' lang='lat' dir='ltr'>Ante</span> <span class='ocrx_word' id='word_1_137' title='bbox 176 1681 253 1734; x_wconf 88' lang='lat' dir='ltr'>novis</span> <span class='ocrx_word' id='word_1_138' title='bbox 264 1682 378 1735; x_wconf 89' lang='lat' dir='ltr'>rubeant</span> <span class='ocrx_word' id='word_1_139' title='bbox 390 1696 473 1750; x_wconf 90' lang='lat' dir='ltr'>quarn</span> <span class='ocrx_word' id='word_1_140' title='bbox 485 1688 561 1750; x_wconf 90' lang='lat' dir='ltr'>prata</span> <span class='ocrx_word' id='word_1_141' title='bbox 573 1681 713 1751; x_wconf 89' lang='lat' dir='ltr'>coloribus,</span> <span class='ocrx_word' id='word_1_142' title='bbox 726 1691 789 1736; x_wconf 88' lang='lat' dir='ltr'>ante</span> 
     </span>
     <span class='ocr_line' id='line_1_23' title="bbox 92 1749 794 1820; baseline 0.004 -17"><span class='ocrx_word' id='word_1_143' title='bbox 92 1749 206 1803; x_wconf 88' lang='lat' dir='ltr'>Garrula</span> <span class='ocrx_word' id='word_1_144' title='bbox 218 1768 299 1820; x_wconf 91' lang='lat' dir='ltr'>quarn</span> <span class='ocrx_word' id='word_1_145' title='bbox 312 1751 393 1819; x_wconf 90' lang='lat' dir='ltr'>tignis</span> <span class='ocrx_word' id='word_1_146' title='bbox 404 1750 500 1803; x_wconf 89' lang='lat' dir='ltr'>nidum</span> <span class='ocrx_word' id='word_1_147' title='bbox 511 1751 659 1820; x_wconf 87' lang='lat' dir='ltr'>suspendat</span> <span class='ocrx_word' id='word_1_148' title='bbox 672 1750 794 1806; x_wconf 91' lang='lat' dir='ltr'>hirundo.</span> 
     </span>
     <span class='ocr_line' id='line_1_24' title="bbox 92 1819 740 1888; baseline 0.003 -16"><span class='ocrx_word' id='word_1_149' title='bbox 92 1820 198 1872; x_wconf 90' lang='lat' dir='ltr'>Interea</span> <span class='ocrx_word' id='word_1_150' title='bbox 210 1821 309 1873; x_wconf 91' lang='lat' dir='ltr'>teneris</span> <span class='ocrx_word' id='word_1_151' title='bbox 321 1819 475 1888; x_wconf 80' lang='lat' dir='ltr'>tepefactus</span> <span class='ocrx_word' id='word_1_152' title='bbox 486 1821 513 1872; x_wconf 95' lang='lat' dir='ltr'>in</span> <span class='ocrx_word' id='word_1_153' title='bbox 524 1820 630 1873; x_wconf 88' lang='lat' dir='ltr'>ossibus</span> <span class='ocrx_word' id='word_1_154' title='bbox 642 1820 740 1874; x_wconf 89' lang='lat' dir='ltr'>humor</span> 
     </span>
     <span class='ocr_line' id='line_1_25' title="bbox 93 1889 714 1960; baseline 0 -18"><span class='ocrx_word' id='word_1_155' title='bbox 93 1892 214 1959; x_wconf 87' lang='lat' dir='ltr'>Aestuat,</span> <span class='ocrx_word' id='word_1_156' title='bbox 228 1898 255 1941; x_wconf 91' lang='lat' dir='ltr'>et</span> <span class='ocrx_word' id='word_1_157' title='bbox 267 1889 382 1943; x_wconf 89' lang='lat' dir='ltr'>visenda</span> <span class='ocrx_word' id='word_1_158' title='bbox 394 1889 482 1942; x_wconf 87' lang='lat' dir='ltr'>modis</span> <span class='ocrx_word' id='word_1_159' title='bbox 493 1889 621 1942; x_wconf 90' lang='lat' dir='ltr'>animalia</span> <span class='ocrx_word' id='word_1_160' title='bbox 632 1891 714 1960; x_wconf 90' lang='lat' dir='ltr'>miris,</span> 
     </span>
     <span class='ocr_line' id='line_1_26' title="bbox 93 1958 948 2029; baseline -0.001 -17"><span class='ocrx_word' id='word_1_161' title='bbox 93 1961 202 2013; x_wconf 86' lang='lat' dir='ltr'>Trunca</span> <span class='ocrx_word' id='word_1_162' title='bbox 213 1958 316 2028; x_wconf 88' lang='lat' dir='ltr'>pedum</span> <span class='ocrx_word' id='word_1_163' title='bbox 330 1958 424 2027; x_wconf 91' lang='lat' dir='ltr'>prim0,</span> <span class='ocrx_word' id='word_1_164' title='bbox 437 1974 501 2011; x_wconf 80' lang='lat' dir='ltr'>mox</span> <span class='ocrx_word' id='word_1_165' title='bbox 513 1967 540 2011; x_wconf 89' lang='lat' dir='ltr'>et</span> <span class='ocrx_word' id='word_1_166' title='bbox 553 1958 692 2011; x_wconf 88' lang='lat' dir='ltr'>stridentia</span> <span class='ocrx_word' id='word_1_167' title='bbox 703 1959 807 2029; x_wconf 89' lang='lat' dir='ltr'>pennis,</span> <span class='ocrx_word' id='word_1_168' title='bbox 896 1962 948 2012; x_wconf 90' lang='grc'>310</span> 
     </span>
     <span class='ocr_line' id='line_1_27' title="bbox 92 2026 834 2099; baseline 0.001 -18"><span class='ocrx_word' id='word_1_169' title='bbox 92 2029 252 2097; x_wconf 85' lang='lat' dir='ltr'>Miscentur,</span> <span class='ocrx_word' id='word_1_170' title='bbox 266 2037 430 2095; x_wconf 89' lang='lat' dir='ltr'>tenuemque</span> <span class='ocrx_word' id='word_1_171' title='bbox 442 2026 531 2094; x_wconf 84' lang='lat' dir='ltr'>magis</span> <span class='ocrx_word' id='word_1_172' title='bbox 541 2027 629 2094; x_wconf 88' lang='lat' dir='ltr'>magis</span> <span class='ocrx_word' id='word_1_173' title='bbox 641 2031 703 2080; x_wconf 75' lang='lat' dir='ltr'>adra</span> <span class='ocrx_word' id='word_1_174' title='bbox 716 2037 834 2099; x_wconf 80' lang='lat' dir='ltr'>carpunt,</span> 
     </span>
     <span class='ocr_line' id='line_1_28' title="bbox 93 2095 714 2166; baseline -0.002 -16"><span class='ocrx_word' id='word_1_175' title='bbox 93 2099 195 2166; x_wconf 90' lang='lat' dir='ltr'>Donec,</span> <span class='ocrx_word' id='word_1_176' title='bbox 208 2106 238 2149; x_wconf 92' lang='lat' dir='ltr'>ut</span> <span class='ocrx_word' id='word_1_177' title='bbox 250 2096 362 2148; x_wconf 85' lang='lat' dir='ltr'>aestivis</span> <span class='ocrx_word' id='word_1_178' title='bbox 373 2095 478 2148; x_wconf 86' lang='lat' dir='ltr'>effusus</span> <span class='ocrx_word' id='word_1_179' title='bbox 490 2095 609 2148; x_wconf 89' lang='lat' dir='ltr'>nubibus</span> <span class='ocrx_word' id='word_1_180' title='bbox 619 2096 714 2166; x_wconf 89' lang='lat' dir='ltr'>imber,</span> 
     </span>
     <span class='ocr_line' id='line_1_29' title="bbox 93 2164 709 2236; baseline -0.002 -17"><span class='ocrx_word' id='word_1_181' title='bbox 93 2168 223 2236; x_wconf 89' lang='lat' dir='ltr'>Erupere,</span> <span class='ocrx_word' id='word_1_182' title='bbox 237 2174 285 2218; x_wconf 88' lang='lat' dir='ltr'>aut</span> <span class='ocrx_word' id='word_1_183' title='bbox 297 2174 334 2234; x_wconf 92' lang='lat' dir='ltr'>ut,</span> <span class='ocrx_word' id='word_1_184' title='bbox 347 2182 429 2217; x_wconf 86' lang='lat' dir='ltr'>nervo</span> <span class='ocrx_word' id='word_1_185' title='bbox 441 2164 572 2235; x_wconf 88' lang='lat' dir='ltr'>pulsante,</span> <span class='ocrx_word' id='word_1_186' title='bbox 587 2165 709 2235; x_wconf 86' lang='lat' dir='ltr'>sagittae,</span> 
     </span>
     <span class='ocr_line' id='line_1_30' title="bbox 92 2235 756 2304; baseline -0.003 -14"><span class='ocrx_word' id='word_1_187' title='bbox 92 2237 185 2290; x_wconf 89' lang='lat' dir='ltr'>Prima</span> <span class='ocrx_word' id='word_1_188' title='bbox 197 2236 273 2289; x_wconf 86' lang='lat' dir='ltr'>leves</span> <span class='ocrx_word' id='word_1_189' title='bbox 285 2235 377 2288; x_wconf 90' lang='lat' dir='ltr'>ineunt</span> <span class='ocrx_word' id='word_1_190' title='bbox 390 2235 412 2287; x_wconf 90' lang='lat' dir='ltr'>si</span> <span class='ocrx_word' id='word_1_191' title='bbox 425 2235 532 2304; x_wconf 92' lang='lat' dir='ltr'>quando</span> <span class='ocrx_word' id='word_1_192' title='bbox 544 2235 644 2304; x_wconf 90' lang='lat' dir='ltr'>proelia</span> <span class='ocrx_word' id='word_1_193' title='bbox 656 2235 756 2288; x_wconf 90' lang='lat' dir='ltr'>Parthi.</span> 
     </span>
     <span class='ocr_line' id='line_1_31' title="bbox 127 2304 947 2374; baseline 0.002 -16"><span class='ocrx_word' id='word_1_194' title='bbox 127 2305 194 2364; x_wconf 86' lang='lat' dir='ltr'>Quis</span> <span class='ocrx_word' id='word_1_195' title='bbox 203 2306 277 2359; x_wconf 86' lang='lat' dir='ltr'>Deus</span> <span class='ocrx_word' id='word_1_196' title='bbox 285 2304 362 2374; x_wconf 90' lang='lat' dir='ltr'>hanc,</span> <span class='ocrx_word' id='word_1_197' title='bbox 372 2305 478 2372; x_wconf 88' lang='lat' dir='ltr'>Musae,</span> <span class='ocrx_word' id='word_1_198' title='bbox 489 2305 549 2374; x_wconf 88' lang='lat' dir='ltr'>quis</span> <span class='ocrx_word' id='word_1_199' title='bbox 559 2304 635 2358; x_wconf 90' lang='lat' dir='ltr'>nobis</span> <span class='ocrx_word' id='word_1_200' title='bbox 643 2305 748 2359; x_wconf 88' lang='lat' dir='ltr'>extudit</span> <span class='ocrx_word' id='word_1_201' title='bbox 756 2306 862 2360; x_wconf 67' lang='lat' dir='ltr'>artemi</span> <span class='ocrx_word' id='word_1_202' title='bbox 897 2310 947 2359; x_wconf 82' lang='lat'>315</span> 
     </span>
     <span class='ocr_line' id='line_1_32' title="bbox 90 2375 836 2447; baseline 0.003 -19"><span class='ocrx_word' id='word_1_203' title='bbox 90 2375 170 2429; x_wconf 86' lang='lat' dir='ltr'>Unde</span> <span class='ocrx_word' id='word_1_204' title='bbox 183 2393 252 2429; x_wconf 86' lang='lat' dir='ltr'>nova</span> <span class='ocrx_word' id='word_1_205' title='bbox 264 2376 401 2444; x_wconf 86' lang='lat' dir='ltr'>ingressus</span> <span class='ocrx_word' id='word_1_206' title='bbox 412 2375 554 2428; x_wconf 88' lang='lat' dir='ltr'>hominurn</span> <span class='ocrx_word' id='word_1_207' title='bbox 566 2375 732 2444; x_wconf 85' lang='lat' dir='ltr'>experientia</span> <span class='ocrx_word' id='word_1_208' title='bbox 743 2376 836 2447; x_wconf 77' lang='lat' dir='ltr'>cepit‘l</span> 
     </span>
     <span class='ocr_line' id='line_1_33' title="bbox 126 2444 729 2515; baseline 0 -17"><span class='ocrx_word' id='word_1_209' title='bbox 126 2446 219 2499; x_wconf 84' lang='lat' dir='ltr'>Pastor</span> <span class='ocrx_word' id='word_1_210' title='bbox 230 2446 371 2499; x_wconf 81' lang='lat' dir='ltr'>Aristaeus</span> <span class='ocrx_word' id='word_1_211' title='bbox 382 2444 490 2513; x_wconf 88' lang='lat' dir='ltr'>fugiens</span> <span class='ocrx_word' id='word_1_212' title='bbox 501 2445 604 2497; x_wconf 87' lang='lat' dir='ltr'>Peneia</span> <span class='ocrx_word' id='word_1_213' title='bbox 615 2445 729 2515; x_wconf 88' lang='lat' dir='ltr'>Tempe,</span> 
     </span>
     <span class='ocr_line' id='line_1_34' title="bbox 91 2513 771 2585; baseline 0 -17"><span class='ocrx_word' id='word_1_214' title='bbox 91 2515 214 2585; x_wconf 80' lang='lat' dir='ltr'>Amissis,</span> <span class='ocrx_word' id='word_1_215' title='bbox 228 2525 257 2569; x_wconf 93' lang='lat' dir='ltr'>ut</span> <span class='ocrx_word' id='word_1_216' title='bbox 270 2515 351 2585; x_wconf 80' lang='lat' dir='ltr'>sama,</span> <span class='ocrx_word' id='word_1_217' title='bbox 365 2516 464 2585; x_wconf 91' lang='lat' dir='ltr'>apibus</span> <span class='ocrx_word' id='word_1_218' title='bbox 474 2514 622 2584; x_wconf 90' lang='lat' dir='ltr'>morboque</span> <span class='ocrx_word' id='word_1_219' title='bbox 634 2513 771 2585; x_wconf 83' lang='lat' dir='ltr'>fameque,</span> 
     </span>
     <span class='ocr_line' id='line_1_35' title="bbox 90 2584 798 2654; baseline 0.001 -18"><span class='ocrx_word' id='word_1_220' title='bbox 90 2585 186 2638; x_wconf 86' lang='lat' dir='ltr'>Tristis</span> <span class='ocrx_word' id='word_1_221' title='bbox 197 2585 232 2637; x_wconf 91' lang='lat' dir='ltr'>ad</span> <span class='ocrx_word' id='word_1_222' title='bbox 245 2586 358 2638; x_wconf 87' lang='lat' dir='ltr'>extremi</span> <span class='ocrx_word' id='word_1_223' title='bbox 372 2602 479 2638; x_wconf 91' lang='lat' dir='ltr'>sacrum</span> <span class='ocrx_word' id='word_1_224' title='bbox 492 2593 573 2654; x_wconf 89' lang='lat' dir='ltr'>caput</span> <span class='ocrx_word' id='word_1_225' title='bbox 585 2584 688 2638; x_wconf 86' lang='lat' dir='ltr'>adstitit</span> <span class='ocrx_word' id='word_1_226' title='bbox 701 2585 798 2654; x_wconf 89' lang='lat' dir='ltr'>amnis,</span> 
     </span>
     <span class='ocr_line' id='line_1_36' title="bbox 90 2654 948 2725; baseline -0.001 -18"><span class='ocrx_word' id='word_1_227' title='bbox 90 2654 181 2707; x_wconf 87' lang='lat' dir='ltr'>Multa</span> <span class='ocrx_word' id='word_1_228' title='bbox 192 2671 316 2725; x_wconf 91' lang='lat' dir='ltr'>querens,</span> <span class='ocrx_word' id='word_1_229' title='bbox 329 2664 411 2725; x_wconf 88' lang='lat' dir='ltr'>atque</span> <span class='ocrx_word' id='word_1_230' title='bbox 424 2655 475 2707; x_wconf 90' lang='lat' dir='ltr'>hac</span> <span class='ocrx_word' id='word_1_231' title='bbox 487 2654 588 2707; x_wconf 84' lang='lat' dir='ltr'>affatus</span> <span class='ocrx_word' id='word_1_232' title='bbox 599 2670 666 2707; x_wconf 89' lang='lat' dir='ltr'>voce</span> <span class='ocrx_word' id='word_1_233' title='bbox 678 2663 836 2724; x_wconf 85' lang='lat' dir='ltr'>parentem:</span> <span class='ocrx_word' id='word_1_234' title='bbox 896 2657 948 2707; x_wconf 80' lang='lat'>³20</span> 
     </span>
     <span class='ocr_line' id='line_1_37' title="bbox 92 2723 733 2794; baseline 0 -18"><span class='ocrx_word' id='word_1_235' title='bbox 92 2723 206 2793; x_wconf 89' lang='lat' dir='ltr'>‘Mater,</span> <span class='ocrx_word' id='word_1_236' title='bbox 220 2724 325 2794; x_wconf 85' lang='lat' dir='ltr'>Cyrene</span> <span class='ocrx_word' id='word_1_237' title='bbox 337 2732 430 2793; x_wconf 88' lang='lat' dir='ltr'>mater,</span> <span class='ocrx_word' id='word_1_238' title='bbox 444 2740 515 2793; x_wconf 85' lang='lat' dir='ltr'>quae</span> <span class='ocrx_word' id='word_1_239' title='bbox 527 2723 639 2791; x_wconf 87' lang='lat' dir='ltr'>gurgitis</span> <span class='ocrx_word' id='word_1_240' title='bbox 651 2723 733 2792; x_wconf 88' lang='lat' dir='ltr'>hujus</span> 
     </span>
     <span class='ocr_line' id='line_1_38' title="bbox 90 2792 786 2862; baseline 0 -17"><span class='ocrx_word' id='word_1_241' title='bbox 90 2792 150 2845; x_wconf 90' lang='lat' dir='ltr'>Ima</span> <span class='ocrx_word' id='word_1_242' title='bbox 163 2802 246 2862; x_wconf 88' lang='lat' dir='ltr'>tenes,</span> <span class='ocrx_word' id='word_1_243' title='bbox 259 2792 323 2862; x_wconf 94' lang='lat' dir='ltr'>quid</span> <span class='ocrx_word' id='word_1_244' title='bbox 334 2811 380 2846; x_wconf 90' lang='lat' dir='ltr'>me</span> <span class='ocrx_word' id='word_1_245' title='bbox 393 2792 531 2862; x_wconf 86' lang='lat' dir='ltr'>praeclara</span> <span class='ocrx_word' id='word_1_246' title='bbox 543 2795 625 2860; x_wconf 88' lang='lat' dir='ltr'>stirpe</span> <span class='ocrx_word' id='word_1_247' title='bbox 637 2792 786 2845; x_wconf 90' lang='lat' dir='ltr'>deorum-</span> 
     </span>
    </p>
   </div>
   <div class='ocr_carea' id='block_1_3' title="bbox 24 2937 949 3477">
    <p class='ocr_par' dir='ltr' id='par_1_3' title="bbox 24 2937 949 3477">
     <span class='ocr_line' id='line_1_39' title="bbox 47 2937 946 3000; baseline 0 -10"><span class='ocrx_word' id='word_1_248' title='bbox 47 2941 166 2990; x_wconf 78' lang='lat'>295-314.</span> <span class='ocrx_word' id='word_1_249' title='bbox 183 2938 247 2987; x_wconf 90' lang='lat' dir='ltr'>This</span> <span class='ocrx_word' id='word_1_250' title='bbox 258 2938 360 2987; x_wconf 87' lang='lat' dir='ltr'>method</span> <span class='ocrx_word' id='word_1_251' title='bbox 370 2937 506 2987; x_wconf 86' lang='lat' dir='ltr'>described.</span> <span class='ocrx_word' id='word_1_252' title='bbox 515 2966 547 2977; x_wconf 96' lang='lat'>-</span> <span class='ocrx_word' id='word_1_253' title='bbox 554 2940 670 2986; x_wconf 79' lang='lat'>315-558.</span> <span class='ocrx_word' id='word_1_254' title='bbox 682 2938 739 2988; x_wconf 89' lang='lat' dir='ltr'>The</span> <span class='ocrx_word' id='word_1_255' title='bbox 749 2939 828 3000; x_wconf 90' lang='lat' dir='ltr'>origin</span> <span class='ocrx_word' id='word_1_256' title='bbox 838 2939 868 2989; x_wconf 87' lang='lat' dir='ltr'>of</span> <span class='ocrx_word' id='word_1_257' title='bbox 874 2940 892 2988; x_wconf 89' lang='lat' dir='ltr'>it</span> <span class='ocrx_word' id='word_1_258' title='bbox 904 2941 946 2991; x_wconf 87' lang='lat' dir='ltr'>de·</span> 
     </span>
     <span class='ocr_line' id='line_1_40' title="bbox 24 2997 946 3058; baseline -0.001 -8"><span class='ocrx_word' id='word_1_259' title='bbox 24 3000 103 3050; x_wconf 67' lang='lat' dir='ltr'>:tiled</span> <span class='ocrx_word' id='word_1_260' title='bbox 112 3028 144 3038; x_wconf 89' lang='lat'>-</span> <span class='ocrx_word' id='word_1_261' title='bbox 151 3002 204 3047; x_wconf 88' lang='grc'><strong>317.</strong></span> <span class='ocrx_word' id='word_1_262' title='bbox 216 2997 356 3055; x_wconf 75' lang='lat' dir='ltr'>Aristaeno,</span> <span class='ocrx_word' id='word_1_263' title='bbox 369 3014 383 3045; x_wconf 83' lang='lat' dir='ltr'>a</span> <span class='ocrx_word' id='word_1_264' title='bbox 394 2997 459 3045; x_wconf 87' lang='lat' dir='ltr'>rnral</span> <span class='ocrx_word' id='word_1_265' title='bbox 469 2997 526 3058; x_wconf 90' lang='lat' dir='ltr'>god,</span> <span class='ocrx_word' id='word_1_266' title='bbox 537 2997 692 3058; x_wconf 86' lang='lat' dir='ltr'>worshipped</span> <span class='ocrx_word' id='word_1_267' title='bbox 703 2999 728 3046; x_wconf 94' lang='lat' dir='ltr'>in</span> <span class='ocrx_word' id='word_1_268' title='bbox 739 2999 853 3056; x_wconf 82' lang='lat' dir='ltr'>Arcadis.</span> <span class='ocrx_word' id='word_1_269' title='bbox 865 2998 946 3049; x_wconf 87' lang='lat' dir='ltr'>Thes·</span> 
     </span>
     <span class='ocr_line' id='line_1_41' title="bbox 24 3056 945 3122; baseline -0.001 -13"><span class='ocrx_word' id='word_1_270' title='bbox 24 3060 84 3120; x_wconf 79' lang='lat' dir='ltr'>sely,</span> <span class='ocrx_word' id='word_1_271' title='bbox 97 3058 145 3107; x_wconf 84' lang='lat' dir='ltr'>and</span> <span class='ocrx_word' id='word_1_272' title='bbox 157 3057 269 3112; x_wconf 88' lang='lat' dir='ltr'>Boeotia,</span> <span class='ocrx_word' id='word_1_273' title='bbox 283 3073 334 3105; x_wconf 80' lang='lat' dir='ltr'>was</span> <span class='ocrx_word' id='word_1_274' title='bbox 351 3057 392 3104; x_wconf 90' lang='lat' dir='ltr'>the</span> <span class='ocrx_word' id='word_1_275' title='bbox 409 3072 455 3105; x_wconf 88' lang='lat' dir='ltr'>son</span> <span class='ocrx_word' id='word_1_276' title='bbox 466 3057 494 3104; x_wconf 83' lang='lat' dir='ltr'>ol&#39;</span> <span class='ocrx_word' id='word_1_277' title='bbox 506 3056 598 3116; x_wconf 88' lang='lat' dir='ltr'>Apollo</span> <span class='ocrx_word' id='word_1_278' title='bbox 613 3057 661 3106; x_wconf 86' lang='lat' dir='ltr'>and</span> <span class='ocrx_word' id='word_1_279' title='bbox 678 3057 783 3119; x_wconf 88' lang='lat' dir='ltr'>Cyrene.</span> <span class='ocrx_word' id='word_1_280' title='bbox 814 3059 945 3122; x_wconf 80' lang='lat' dir='ltr'>Fugiens,-</span> 
     </span>
     <span class='ocr_line' id='line_1_42' title="bbox 24 3116 948 3178; baseline -0.003 -9"><span class='ocrx_word' id='word_1_281' title='bbox 24 3134 52 3169; x_wconf 88' lang='lat' dir='ltr'>ne</span> <span class='ocrx_word' id='word_1_282' title='bbox 62 3118 112 3168; x_wconf 83' lang='lat' dir='ltr'>fied</span> <span class='ocrx_word' id='word_1_283' title='bbox 129 3117 192 3166; x_wconf 87' lang='lat' dir='ltr'>srom</span> <span class='ocrx_word' id='word_1_284' title='bbox 204 3118 310 3177; x_wconf 89' lang='lat' dir='ltr'>Tempe,</span> <span class='ocrx_word' id='word_1_285' title='bbox 323 3126 349 3165; x_wconf 88' lang='lat' dir='ltr'>at</span> <span class='ocrx_word' id='word_1_286' title='bbox 366 3117 408 3164; x_wconf 86' lang='lat' dir='ltr'>the</span> <span class='ocrx_word' id='word_1_287' title='bbox 425 3116 511 3164; x_wconf 90' lang='lat' dir='ltr'>mouth</span> <span class='ocrx_word' id='word_1_288' title='bbox 521 3116 550 3164; x_wconf 83' lang='lat' dir='ltr'>os</span> <span class='ocrx_word' id='word_1_289' title='bbox 561 3117 604 3164; x_wconf 90' lang='lat' dir='ltr'>the</span> <span class='ocrx_word' id='word_1_290' title='bbox 615 3117 687 3173; x_wconf 87' lang='lat' dir='ltr'>river,</span> <span class='ocrx_word' id='word_1_291' title='bbox 700 3118 782 3166; x_wconf 84' lang='lat' dir='ltr'>where</span> <span class='ocrx_word' id='word_1_292' title='bbox 799 3117 832 3167; x_wconf 89' lang='lat' dir='ltr'>he</span> <span class='ocrx_word' id='word_1_293' title='bbox 849 3118 948 3178; x_wconf 85' lang='lat' dir='ltr'>usually</span> 
     </span>
     <span class='ocr_line' id='line_1_43' title="bbox 24 3175 949 3245; baseline -0.003 -18"><span class='ocrx_word' id='word_1_294' title='bbox 24 3178 105 3235; x_wconf 81' lang='lat' dir='ltr'>lwelt,</span> <span class='ocrx_word' id='word_1_295' title='bbox 118 3177 164 3225; x_wconf 84' lang='lat' dir='ltr'>end</span> <span class='ocrx_word' id='word_1_296' title='bbox 181 3177 272 3238; x_wconf 90' lang='lat' dir='ltr'>sought</span> <span class='ocrx_word' id='word_1_297' title='bbox 290 3177 331 3225; x_wconf 86' lang='lat' dir='ltr'>the</span> <span class='ocrx_word' id='word_1_298' title='bbox 349 3191 444 3245; x_wconf 78' lang='lat' dir='ltr'>source.</span> <span class='ocrx_word' id='word_1_299' title='bbox 479 3175 570 3238; x_wconf 80' lang='lat' dir='ltr'>Tenpe,</span> <span class='ocrx_word' id='word_1_300' title='bbox 583 3192 598 3223; x_wconf 86' lang='lat' dir='ltr'>a</span> <span class='ocrx_word' id='word_1_301' title='bbox 608 3177 690 3237; x_wconf 87' lang='lat' dir='ltr'>velley</span> <span class='ocrx_word' id='word_1_302' title='bbox 706 3177 845 3226; x_wconf 87' lang='lat' dir='ltr'>celebrated</span> <span class='ocrx_word' id='word_1_303' title='bbox 862 3177 949 3225; x_wconf 84' lang='lat' dir='ltr'>forits</span> 
     </span>
     <span class='ocr_line' id='line_1_44' title="bbox 24 3234 949 3355; baseline -0.004 -9"><span class='ocrx_word' id='word_1_304' title='bbox 24 3234 733 3355; x_wconf 56' lang='lat' dir='ltr'>tt‘ffittltlttlt‘tlttttlt‘dltttltrittet</span> <span class='ocrx_word' id='word_1_305' title='bbox 748 3236 949 3343; x_wconf 68' lang='lat' dir='ltr'>²l⁰³b⁰¹¹t¹t³³t⁸</span> 
     </span>
     <span class='ocr_line' id='line_1_45' title="bbox 24 3310 947 3411; baseline -0.004 -4"><span class='ocrx_word' id='word_1_306' title='bbox 24 3310 165 3407; x_wconf 64' lang='lat' dir='ltr'>iouh-mpdce</span> <span class='ocrx_word' id='word_1_307' title='bbox 186 3331 309 3405; x_wconf 68' lang='lat' dir='ltr'>ventidii,</span> <span class='ocrx_word' id='word_1_308' title='bbox 340 3356 438 3411; x_wconf 70' lang='lat' dir='ltr'>Amnis,</span> <span class='ocrx_word' id='word_1_309' title='bbox 457 3353 500 3404; x_wconf 92' lang='lat' dir='ltr'>the</span> <span class='ocrx_word' id='word_1_310' title='bbox 521 3353 629 3403; x_wconf 87' lang='lat' dir='ltr'>Peneus.</span> <span class='ocrx_word' id='word_1_311' title='bbox 661 3355 709 3402; x_wconf 86' lang='lat' dir='ltr'>See</span> <span class='ocrx_word' id='word_1_312' title='bbox 726 3369 776 3402; x_wconf 85' lang='lat' dir='ltr'>ver.</span> <span class='ocrx_word' id='word_1_313' title='bbox 793 3311 947 3403; x_wconf 56' lang='lat' dir='ltr'>355.-g2ul&#39;.</span> 
     </span>
     <span class='ocr_line' id='line_1_46' title="bbox 24 3413 908 3477; baseline -0.002 -12"><span class='ocrx_word' id='word_1_314' title='bbox 24 3415 124 3476; x_wconf 60' lang='lat' dir='ltr'>ureae</span> <span class='ocrx_word' id='word_1_315' title='bbox 140 3414 276 3476; x_wconf 85' lang='lat' dir='ltr'>Daughter,</span> <span class='ocrx_word' id='word_1_316' title='bbox 294 3431 322 3465; x_wconf 94' lang='lat' dir='ltr'>or</span> <span class='ocrx_word' id='word_1_317' title='bbox 336 3414 542 3477; x_wconf 83' lang='lat' dir='ltr'>granddaughter,</span> <span class='ocrx_word' id='word_1_318' title='bbox 555 3413 584 3462; x_wconf 83' lang='lat' dir='ltr'>oi</span> <span class='ocrx_word' id='word_1_319' title='bbox 596 3413 704 3472; x_wconf 88' lang='lat' dir='ltr'>Peneus,</span> <span class='ocrx_word' id='word_1_320' title='bbox 716 3414 758 3461; x_wconf 87' lang='lat' dir='ltr'>the</span> <span class='ocrx_word' id='word_1_321' title='bbox 774 3413 908 3476; x_wconf 68' lang='lat' dir='ltr'>river-god.</span> 
     </span>
    </p>
   </div>
   <div class='ocr_carea' id='block_1_4' title="bbox 130 3477 471 3531">
    <p class='ocr_par' dir='ltr' id='par_1_4' title="bbox 130 3477 471 3531">
     <span class='ocr_line' id='line_1_47' title="bbox 130 3477 471 3531; baseline -0.009 -4"><span class='ocrx_word' id='word_1_322' title='bbox 130 3477 188 3527; x_wconf 77' lang='lat'>10*</span> <span class='ocrx_word' id='word_1_323' title='bbox 452 3495 471 3531; x_wconf 68' lang='grc' dir='ltr'>ι</span> 
     </span>
    </p>
   </div>
   <div class='ocr_carea' id='block_1_5' title="bbox 0 0 1048 3622">
    <p class='ocr_par' dir='ltr' id='par_1_5' title="bbox 0 0 1048 3622">
     <span class='ocr_line' id='line_1_48' title="bbox 0 0 1048 3622; baseline 0 1"><span class='ocrx_word' id='word_1_324' title='bbox 0 0 1048 3622; x_wconf 95' lang='lat' dir='ltr'> </span> 
     </span>
    </p>
   </div>
  </div>
 </body>
</html>
