2078 3622
420 164 606 207 GEOBGIGON.

119 295 189 349 Rara
201 293 280 346 sitan
293 310 373 363 supra
384 310 487 348 morem
500 293 522 345 si
534 293 620 347 densa
631 293 786 362 requiras·-

119 364 212 417 Altera
224 364 365 417 frumentis
375 364 501 433 quoniam
514 362 595 431 lavet,
607 362 692 418 altera
703 361 817 431 Baccho,

119 434 210 487 Densa
222 434 308 501 magis
320 435 417 503 Cereri,
431 433 565 485 rarissima
576 449 701 501 quaeque
713 432 840 502 Lyaeo-

118 506 190 556 Ante
202 506 291 557 locum
303 503 394 572 capies
405 503 496 571 oculis,
510 502 618 570 alteque
629 501 736 571 jubebis
919 508 971 558 23⁰

119 573 148 625 ln
161 575 244 626 solido
256 582 367 642 puteurn
380 573 494 639 demitti,
507 587 671 640 omnemque
682 589 795 641 repones

118 643 219 696 Rursus
231 642 353 711 humum,
367 650 394 696 et
405 642 520 712 pedibus
531 657 653 693 summas
663 642 793 711 aequabis
804 657 910 698 aretas.

119 711 145 764 Si
157 713 277 782 deerunt,
291 729 379 765 rarum
391 711 535 781 pecorique
547 718 575 763 et
586 709 686 763 vitibus
697 710 777 764 almis

118 783 223 850 Aptius,
236 782 304 834 uber
315 782 379 850 erit;
398 783 439 834 sin
452 781 479 833 in
491 797 540 833 sua
552 796 630 848 posse
641 781 778 848 negabunt

119 850 160 902 lre
172 851 238 920 loca,
251 859 278 903 et
291 851 428 904 scrobibus
440 850 576 919 superabit
589 858 658 902 terra
669 850 786 920 repletis,
918 856 969 905 235

119 919 226 988 Spissus
238 937 302 989 ager
309 937 317 989 3
335 921 429 988 glebas
441 919 592 972 cunctantis
603 936 747 989 crassaque
759 929 835 990 terga

119 990 261 1060 Exspecta,
275 999 302 1042 et
314 990 411 1042 validis
424 998 520 1042 terram
532 988 672 1058 proscinde
684 987 816 1058 juvencis.

119 1058 193 1112 Salsa
205 1073 295 1112 autern
309 1060 388 1112 tellus
400 1067 426 1111 et
438 1075 509 1128 quae
521 1057 676 1126 perhibetur
687 1075 786 1130 amara,

119 1127 253 1196 Frugibus
264 1129 423 1182 infelix-ea
438 1145 489 1181 nec
500 1128 664 1181 mansuescit
675 1129 782 1198 arando,

119 1200 178 1252 Nec
191 1198 295 1251 Baccho
307 1215 400 1266 genus,
413 1207 459 1250 aut
471 1197 559 1266 pomis
571 1213 619 1250 sua
631 1198 739 1250 nomina
751 1207 876 1252 serrat-
919 1205 970 1255 240

119 1268 185 1320 Tale
198 1268 272 1321 dabit
284 1285 297 1319 s
316 1269 439 1320 ecimen:
459 1275 488 1319 tu
501 1268 587 1336 spisso
599 1266 700 1319 vimine
712 1267 807 1336 qualos

120 1338 237 1407 Colaque
249 1285 381 1406 prelirrum
393 1336 508 1390 fumosis
519 1336 611 1405 deripe
624 1337 703 1389 tectis
710 1352 719 1404 3

119 1407 179 1459 Huc
192 1425 255 1474 ager
268 1406 312 1459 ille
324 1407 420 1475 malus,
434 1407 582 1475 dulcesque
594 1422 611 1457 a
623 1405 740 1459 lontibus
751 1405 840 1460 undae

120 1476 162 1528 Ad
176 1476 286 1554 plenum
298 1476 448 1527 calcentur:
467 1491 538 1543 aqua
549 1474 710 1528 eluctabitur
721 1476 809 1529 omnis

121 1545 237 1610 Scilicet,
251 1557 277 1596 et
289 1545 404 1611 grandes
416 1544 491 1596 ibunt
503 1560 551 1612 per
562 1544 664 1597 vimina
675 1554 782 1616 guttae3
919 1551 972 1601 245

120 1616 155 1667 At
168 1630 245 1682 sapor
257 1613 386 1666 indicium
398 1613 488 1682 faciet,
502 1612 660 1666 manifestus
671 1623 698 1667 et
710 1632 757 1668 ora

120 1684 217 1736 Tristia
231 1690 361 1735 tentatum
373 1699 454 1736 sensu
466 1682 600 1751 torquebit
612 1699 725 1736 amaror.

120 1752 232 1820 Pinguis
243 1753 309 1805 item
321 1769 391 1821 quae
404 1753 437 1805 sit
449 1752 537 1820 tellus,
550 1751 601 1804 hoc
614 1752 730 1822 denique
742 1761 820 1822 pacto

120 1822 269 1875 Dissimus:
290 1821 360 1874 baud
372 1839 502 1891 umquam
516 1821 641 1875 manibus
652 1821 752 1891 jactata
763 1822 872 1895 fatiscit,

120 1891 172 1944 Sed
185 1891 253 1960 picis
265 1891 292 1942 in
304 1907 407 1944 morem
418 1891 453 1944 ad
465 1891 563 1958 digitos
574 1889 698 1943 lentescit
710 1891 842 1946 habendo.
921 1899 973 1948 250

120 1960 239 2013 Humida
252 1959 366 2013 ma'ores
379 1961 476 2014 berbas
487 1960 535 2013 alit
542 1977 550 2029 ς
568 1960 576 2013 i
597 1977 681 2028 saque
692 1959 764 2029 justo

121 2031 234 2084 Laetior.
271 1979 316 2082 Ali
327 2031 441 2084 nimium
452 2047 487 2082 ne
500 2030 533 2082 sit
544 1976 612 2083 milri
624 2029 720 2083 fertilis
731 2030 785 2100 illa,

121 2101 183 2153 Neu
196 2117 224 2152 se
237 2099 419 2170 praevalidam
431 2100 525 2169 primis
536 2099 659 2152 ostendat
670 2098 773 2153 aristis!

121 2169 197 2227 Quae
209 2169 297 2237 gravis
310 2178 358 2238 est,
373 2171 430 2238 ipso
443 2170 552 2221 tacitam
564 2185 593 2220 se
606 2167 723 2237 pondere
735 2168 820 2238 prodit

121 2239 251 2308 Quaeque
274 2237 351 2290 levis.
395 2239 553 2307 Promptum
576 2246 616 2290 est
640 2238 724 2291 oculis
743 2255 790 2308 pra
827 2238 912 2292 iscere
936 2240 975 2292 ni·

212 2325 265 2359 rarn
924 2313 975 2362 255

124 2377 158 2430 Et
170 2325 232 2444 qdis
243 2347 286 2428 ciii
299 2375 378 2428 color.
414 2379 451 2429 At
463 2374 623 2428 sceleratum
636 2377 775 2446 exquirere
787 2375 871 2446 frigus

123 2446 239 2499 Difficile
253 2454 309 2515 est,
327 2447 420 2517 piceae
433 2454 535 2498 tantum
549 2448 656 2516 taxique
668 2455 796 2499 nocentes

123 2515 269 2583 Interdum,
282 2525 328 2569 aut
342 2516 457 2569 hederae
470 2515 589 2584 pandunt
602 2516 716 2584 vestigia
728 2516 828 2584 nigrae.

158 2586 206 2637 His
217 2586 418 2655 animadversis,
432 2593 528 2637 terram
542 2585 625 2637 multo
637 2594 699 2638 ante
712 2595 848 2639 memento

125 2656 289 2724 Excoquere,
303 2664 330 2706 et
341 2672 454 2722 magnos
466 2654 603 2707 scrobibus
615 2655 757 2708 concidere
768 2656 875 2726 montis,
924 2660 977 2710 260

125 2727 195 2777 Ante
208 2725 345 2794 supinatas
357 2725 481 2793 Aquiloni
494 2725 633 2776 ostendere
645 2724 739 2792 glebas

125 2793 214 2853 Quam
226 2794 327 2847 laetum
341 2795 453 2847 infodias
466 2795 528 2846 vitis
540 2810 633 2861 genus.
670 2795 777 2863 Optima
788 2794 858 2864 putri

125 2866 198 2916 Arva
211 2864 264 2917 solo
272 2880 279 2932 3
298 2865 325 2917 id
338 2865 411 2925 nenti
424 2873 517 2917 curant
529 2863 689 2932 gelidaeque
702 2865 821 2934 pruinae,

126 2935 161 2987 Et
173 2933 305 2986 labefacta
316 2951 429 2986 movens
442 2935 562 2986 robustus
572 2931 666 3001 jugera
678 2931 769 2985 fossor.

126 3005 163 3055 At
176 3004 198 3054 si
211 3019 278 3069 quos
291 3002 362 3054 haud
374 3003 430 3055 ulla
442 3003 513 3054 viros
527 3001 663 3069 vigilantia
675 3003 750 3072 sugit,
927 3007 977 3057 265

126 3075 197 3126 Ante
210 3071 298 3122 locum
312 3072 427 3124 similem
441 3071 591 3140 exquirunt,
605 3070 650 3123 ubi
664 3072 748 3140 prima
760 3078 866 3140 paretur

126 3139 274 3194 Arboribus
286 3157 370 3208 seges,
385 3150 411 3193 et
423 3157 475 3208 quo
488 3156 551 3192 mox
563 3138 666 3208 digesta
679 3140 785 3209 seratur,

128 3211 263 3264 Mutatam
277 3209 396 3276 ignorent
408 3210 495 3262 subito
507 3227 541 3261 ne
555 3211 658 3262 semina
671 3218 794 3263 matrem.

88 3343 203 3389 ase-264.
220 3338 357 3389 Directions
373 3339 500 3399 regarding
516 3338 556 3385 the
578 3337 688 3398 planting
703 3336 731 3384 os
748 3337 832 3395 vines3
849 3353 877 3387 as
893 3348 921 3388 to
935 3339 979 3389 the

61 3399 212 3462 “spmation
222 3397 251 3446 of
259 3397 299 3446 the
311 3399 411 3460 ground.
419 3401 569 3446 -265-2'1‘2.
587 3397 625 3445 As
636 3406 662 3444 to
673 3396 715 3444 the
727 3396 843 3458 cuttings.
