2086 3622
438 152 623 193 csonctcos.

133 285 223 361 Atque
235 281 304 335 notis
315 281 423 349 longam
435 280 589 333 maculosus
599 277 746 349 grandibus
756 279 860 351 alvum,

133 351 194 420 Qut,
208 349 276 404 dum
286 368 382 404 amncs
394 348 442 402 ulli
454 358 613 421 rumpuntur
624 349 752 419 sontibus,
765 358 795 403 et
805 350 876 405 dum

133 420 204 473 Vere
216 422 327 474 madent
339 421 392 473 udo
404 429 491 471 terrae
503 437 535 472 ac
547 418 711 489 pluvialibus
721 419 828 489 austris,

133 490 231 558 Stagna
242 491 313 560 colit,
327 490 442 559 ripisque
455 489 580 542 habitans
592 488 638 542 hic
650 488 771 558 piscihus
781 498 872 544 atram
936 493 983 544 430

133 560 274 630 Improbus
285 558 431 628 ingluviem
444 560 569 628 ranisque
581 558 739 628 loquacibus
750 576 786 612 ex
804 557 844 612 let
850 576 859 628 ;

133 629 279 699 Postquam
291 639 386 682 exusta
398 626 483 698 palus,
498 640 636 696 terraeque
647 628 741 681 ardore
752 628 788 681 de
809 628 816 638 ⁶
868 639 907 699 nt,

133 698 229 752 Fnsilit
241 700 267 751 in
280 700 390 769 siccum,
404 706 432 751 et
444 698 612 752 flammantia
623 698 727 751 lumina
737 706 867 767 torquens

132 768 223 821 Saevit
234 769 313 837 agris,
327 785 459 889 asperque
471 769 514 820 siti
526 780 608 837 atque
620 767 764 821 exterritus
773 776 863 821 aestu.

132 839 192 890 Nec
204 838 272 891 mihi
284 848 344 891 tum
354 839 408 892 mol
420 839 443 890 is
455 838 505 891 sub
517 838 578 890 divo
590 854 701 907 carpere
712 854 829 907 somnos,
936 841 983 893 405

132 909 194 960 Neu
206 908 282 961 dorso
294 911 411 961 nemoris
422 907 505 960 libeat
516 907 634 976 jacuisse
646 924 694 977 per
705 906 810 976 herhas,

132 978 200 1043 Cum
213 978 306 1047 positis
317 995 402 1030 novus
413 978 517 1030 exuviis
528 977 681 1046 nitidusque
692 976 805 1045 juventa

132 1046 260 1116 Volvitur,
273 1058 320 1100 ant
332 1047 436 1100 catulos
448 1048 526 1099 tectis
537 1056 584 1100 aut
595 1063 647 1099 ova
659 1046 821 1116 relinquens,

132 1115 239 1169 Arduus
250 1116 284 1169 ad
298 1118 390 1186 solem,
404 1126 431 1169 et
443 1116 540 1185 linguis
551 1117 632 1169 micat
644 1133 690 1168 ore
701 1115 828 1169 trisulcis.

166 1186 323 1240 Morborum
335 1203 443 1257 quoque
456 1195 482 1238 te
494 1203 592 1239 causas
602 1194 630 1238 et
642 1186 719 1253 signa
730 1184 844 1240 docebo.
934 1188 983 1240 440

132 1255 228 1325 Turpis
239 1257 297 1309 oris
310 1266 393 1310 tentat
406 1255 520 1325 scabies,
533 1255 580 1308 ubi
593 1254 705 1324 frigidus
717 1254 806 1309 imber

131 1325 222 1378 Altius
231 1328 266 1379 ad
279 1327 373 1380 vivum
385 1326 503 1396 persedit
516 1335 544 1378 et
556 1326 662 1377 horrida
673 1340 741 1377 cano

132 1395 230 1448 Bruma
240 1396 312 1465 gelu,
325 1397 369 1449 vel
381 1413 444 1449 cum
456 1396 540 1449 tonsis
551 1395 642 1447 illotus
652 1394 777 1447 adhaesit

131 1465 223 1529 Sudor,
236 1475 264 1518 et
275 1465 370 1519 hirsuti
382 1475 525 1519 secuerunt
537 1481 647 1535 corpora
657 1480 763 1534 vepres.

132 1534 262 1587 Dulcibus
273 1535 372 1587 idcirco
384 1536 473 1588 fluviis
484 1552 569 1603 pecus
580 1551 661 1587 omne
671 1533 793 1602 magistri
935 1536 984 1587 445

132 1603 307 1674 Perfundunt,
321 1604 437 1674 udisque
448 1605 518 1657 aries
530 1605 556 1657 in
567 1604 671 1673 gurgite
682 1603 754 1657 villis

130 1673 274 1743 Mereatur,
286 1674 440 1744 missusque
452 1673 569 1728 secundo
582 1674 676 1743 defluit
687 1674 761 1727 amni
767 1690 777 1742 3

132 1745 188 1796 Aut
200 1752 308 1796 tonsum
319 1744 387 1796 tristi
399 1744 572 1813 continguunt
584 1761 616 1797 co
647 1761 681 1798 us
691 1760 810 1814 amurca,

130 1812 166 1865 Et
178 1828 289 1881 spumas
300 1814 416 1867 miscent
427 1815 530 1882 argenti
541 1822 570 1866 et
582 1812 622 1867 sul
636 1831 684 1867 ura
694 1813 759 1867 viva

131 1882 281 1952 Idaeasque
293 1884 368 1952 pices
378 1892 406 1937 et
418 1883 526 1954 pinguis
537 1884 656 1952 unguine
667 1900 745 1936 ceras
936 1888 985 1938 450

132 1951 295 2023 &illamque
308 1953 512 2023 helleborosquc
523 1955 613 2022 gravis
625 1953 786 2023 nigrumque
797 1952 933 2009 bitumen.

132 2023 192 2075 Non
205 2031 296 2077 tamen
308 2022 363 2077 ulla
374 2025 462 2093 magis
473 2040 601 2093 praesens
612 2023 718 2076 fortuna
729 2022 854 2079 laborum
864 2032 918 2095 cst,

131 2092 220 2150 Quam
232 2094 255 2146 si
267 2094 327 2165 quis
338 2093 408 2147 ferro
420 2096 505 2163 potuit
518 2092 671 2146 rescindere
682 2109 823 2147 summum

130 2161 237 2216 Ulceris
247 2180 292 2216 os:
311 2164 391 2216 alitur
402 2165 498 2216 vitium
510 2163 629 2233 vivitque
641 2160 766 2232 tegendo,

131 2231 204 2285 Dum
216 2234 338 2285 medicas
348 2232 479 2286 adhibere
491 2250 589 2286 manus
602 2231 637 2285 ad
649 2232 762 2285 vulnera
772 2240 864 2303 pastor
934 2237 985 2288 455

130 2301 264 2371 Abnegat,
277 2311 324 2354 aut
335 2300 447 2355 meliora
459 2302 525 2354 deos
536 2302 613 2354 sedet
624 2303 715 2355 omina
725 2318 851 2372 poscens.

131 2371 201 2429 Quin
215 2372 306 2439 etiam,
320 2372 376 2424 ima
387 2370 461 2423 dolor
472 2371 612 2424 balantum
624 2371 717 2440 lapsus
727 2370 763 2425 ad
774 2388 838 2425 ossa

131 2442 200 2493 Cum
212 2440 283 2509 furit,
296 2451 377 2511 atque
389 2450 463 2495 artus
474 2441 628 2511 depascitur
639 2441 713 2494 arida
725 2440 817 2511 febris,

130 2510 232 2564 Profuit
245 2511 368 2564 incensos
378 2522 470 2566 aestus
480 2520 611 2577 avertere,
625 2519 652 2563 et
664 2511 733 2564 inter

131 2581 190 2632 Ima
201 2580 280 2632 ferire
292 2581 371 2650 pedis
383 2581 525 2634 salientem
538 2581 669 2648 sanguine
680 2597 780 2634 venam
787 2596 796 2649 ς
932 2585 984 2636 460

130 2650 246 2702 Bisaltae
258 2667 311 2720 quo
323 2668 398 2703 more
411 2653 498 2704 solent
509 2667 625 2720 acerque
638 2650 765 2719 Gelonus,

130 2721 198 2773 Cum
210 2720 278 2790 fugit
289 2722 317 2774 in
327 2720 475 2791 Rhodopen
487 2729 568 2791 atque
582 2721 608 2772 in
620 2718 728 2774 deserta
738 2721 879 2791 Getarum,

130 2791 165 2843 Et
177 2791 219 2843 lac
231 2802 385 2844 concretum
398 2809 460 2844 curn
474 2791 604 2858 sanguine
615 2800 689 2857 potat
701 2790 809 2859 equino.

129 2861 218 2918 Quam
230 2862 322 2932 procul
334 2872 380 2914 aut
394 2862 469 2914 molli
480 2860 627 2913 succedere
641 2860 751 2929 saepius
762 2859 878 2914 umbrae

129 2930 242 2999 Videris,
255 2941 302 2983 aut
315 2949 436 2984 summas
448 2939 604 2998 carpentem
616 2930 741 2998 ignavius
753 2928 859 3000 herbas,
932 2936 985 2986 405

130 3000 341 3069 Extremamque
354 3000 439 3068 sequi,
453 3010 499 3051 aut
511 3000 601 3051 medio
613 2999 789 3068 procumbere
800 3016 902 3071 campo

129 3069 298 3137 Pascentem,
313 3078 339 3119 et
353 3085 428 3121 serae
441 3068 527 3121 solam
538 3069 672 3122 decedere
684 3068 756 3122 nocti
763 3085 772 3137 3

129 3140 258 3192 Continuo
271 3137 379 3205 culpam
391 3137 459 3190 ferro
472 3155 623 3207 compesce,
637 3139 792 3208 priusquam

130 3208 194 3261 Dira
206 3223 253 3277 per
265 3207 403 3259 incautum
417 3218 524 3277 serpant
536 3210 659 3276 contagia
670 3208 778 3277 vulgus.

90 3366 92 3372 2
156 3347 204 3393 463.
226 3343 282 3393 The
299 3359 385 3392 causes
401 3342 448 3392 and
464 3358 521 3393 cure
537 3343 566 3391 ol
581 3343 678 3392 discsse
693 3343 720 3391 in
734 3342 979 3403 sheep-toute

136 3404 252 3466 secessity
262 3405 291 3454 ol
302 3414 456 3466 promptness
467 3403 543 3465 urged
554 3403 617 3453 from
627 3404 669 3452 thc
680 3402 771 3465 danger
781 3402 811 3452 ol'
821 3402 951 3457 immun.
