2086 3622
425 155 609 195 osonotcox.

127 285 185 338 Hoc
196 284 250 353 ubi,
264 299 315 336 non
327 299 344 335 a
356 284 436 353 stirpe
449 284 540 335 valent
551 299 703 351 caesaeque
715 283 816 337 reverti

127 354 249 423 Possunt,
262 363 343 422 atque
357 353 412 404 ima
425 352 527 404 similes
538 352 701 404 revirescere
713 359 786 405 terra
792 369 802 422 ;

127 422 225 476 Infelix
236 431 342 491 superat
355 421 424 474 soliis
435 422 548 474 oleaster
559 424 666 473 amaris.

161 492 220 545 Neo
233 493 279 544 tibi
294 501 347 543 tam
361 490 478 560 prudens
489 492 630 559 quisquam
644 489 805 559 persuadeat
815 500 910 546 auctor
930 498 979 548 315

126 561 266 613 Tellurem
277 560 362 612 Borea
375 560 487 627 rigidam
500 561 615 628 spirante
628 575 748 612 morere.

127 630 197 682 Rura
208 631 270 698 gelu
283 638 339 682 tum
353 629 454 681 claudit
467 629 568 695 hiems3
587 645 637 680 neo
649 628 754 681 semine
765 626 838 698 jacto

127 701 284 752 Concretam
298 699 397 768 patitur
408 698 528 750 radicem
540 698 657 764 adfigere
670 706 766 750 terrae.

69 786 73 791 ·
126 769 232 836 Optima
240 769 342 820 'vinetis
353 768 427 831 satio,
441 785 503 819 cum
516 783 578 817 rere
592 766 695 818 rubenti

126 837 246 889 Candida
258 839 331 889 venit
344 838 403 889 avis
415 837 500 903 longis
511 835 599 888 inrisa
610 835 728 888 colubris
734 851 742 903 ;
928 843 978 891 :m

126 907 216 959 Prima
228 907 271 958 vel
284 908 404 959 autumni
418 906 468 957 sub
481 905 584 972 frigora,
598 922 661 957 cum
674 904 784 973 rapidus
795 904 839 958 Sol

126 976 252 1028 Nondum
265 976 384 1027 hiemem
397 975 525 1041 contingit
537 974 620 1042 equis,
633 973 690 1042 jam
702 975 829 1043 praeterit
841 984 942 1030 aestas

126 1045 180 1097 Ver
191 1044 259 1096 adeo
272 1044 355 1095 frondi
369 1060 516 1110 nemorum,
530 1061 576 1095 ver
587 1043 653 1094 utile
666 1043 739 1095 silvis
746 1059 755 1112 5

126 1114 196 1164 Vere
209 1122 312 1166 tument
326 1124 410 1164 terrae
423 1122 449 1164 et
461 1113 586 1179 genitalia
598 1113 701 1164 semina
714 1121 836 1181 poscunt.

126 1183 198 1234 Tum
210 1193 284 1252 pater
295 1183 462 1250 omnipotens
474 1181 597 1233 fecundis
609 1182 738 1234 imbribus
750 1181 854 1236 Aether
926 1189 976 1237 323

127 1251 251 1320 Conjugis
264 1253 288 1303 in
301 1254 433 1320 gremium
446 1252 534 1303 laetae
547 1250 695 1319 descendit,
709 1260 736 1302 et
748 1251 837 1304 omnis

126 1322 244 1389 Magnus
255 1321 309 1391 alit,
323 1339 420 1389 magno
433 1321 594 1373 commixtus
606 1336 721 1389 corpore,
734 1320 816 1373 fetus.

104 1422 115 1433 -
126 1392 195 1443 Avia
208 1400 265 1443 tum
278 1400 399 1444 resonant
411 1391 506 1443 avibus
517 1390 631 1457 virgulta
642 1389 753 1457 canoris,

127 1461 161 1512 Et
173 1460 309 1512 Venerem
321 1461 401 1512 certis
414 1470 534 1528 repetunt
547 1468 669 1511 armenta
680 1458 776 1511 diebus
783 1476 791 1528 5

126 1528 238 1581 Parturit
250 1528 337 1580 almus
349 1546 419 1596 ager,
433 1530 601 1597 Zephyrique
614 1527 766 1596 tepentibus
778 1528 853 1583 auris
927 1534 975 1582 330

127 1598 230 1650 Laxant
242 1614 305 1648 arva
318 1599 392 1649 sinus
399 1615 406 1665 5
425 1607 532 1665 superat
545 1607 620 1650 tener
631 1597 755 1650 omnibus
765 1597 863 1652 humor
869 1615 877 1669 3

127 1667 211 1734 Inque
224 1684 305 1718 novos
318 1667 387 1719 soles
399 1668 499 1719 audent
512 1685 540 1719 se
552 1667 675 1734 germina
687 1676 742 1719 tuto

127 1736 258 1803 Credere,
277 1753 327 1787 nec
339 1738 434 1787 metuit
447 1739 578 1804 surgentis
591 1737 732 1806 pampinus
743 1739 865 1808 Austros,

126 1807 181 1857 Aut
194 1815 284 1856 actum
298 1805 373 1856 coelo
385 1808 490 1872 magnis
502 1810 527 1858 A
548 1806 681 1858 nilonibus
693 1806 816 1875 imbrem,

127 1873 178 1926 Sed
192 1875 271 1926 trudit
283 1891 415 1944 gemmas,
429 1886 456 1926 et
469 1824 576 1927 frondes
588 1875 704 1944 explicat
716 1875 813 1928 omnis.
928 1881 976 1930 335

126 1943 186 1995 Non
199 1943 266 1995 alios
277 1944 362 2012 prima
374 1945 520 1996 crescentis
532 1945 631 2012 origine
645 1943 738 1996 mundi

128 2014 252 2065 llluxisse
264 2013 323 2065 dies
334 2015 452 2066 aliumve
467 2014 592 2066 habuisse
604 2022 724 2066 tenorem

127 2082 307 2137 Crediderim:
327 2100 374 2134 ver
386 2084 450 2135 illud
464 2091 535 2150 erat3
555 2100 602 2135 ver
613 2099 728 2150 magnus
738 2082 838 2151 agebat

128 2152 212 2221 Orbis,
226 2161 253 2204 et
267 2153 386 2205 hibernis
397 2153 541 2221 parcebant
555 2151 663 2204 [latibus
675 2153 747 2221 Euri,

128 2223 195 2274 Cum
208 2224 310 2291 primae
323 2221 412 2274 lucem
423 2221 542 2290 pecudes
554 2221 674 2291 hausere,
689 2222 831 2291 virumque
928 2226 978 2277 340

128 2291 228 2342 Terrea
239 2292 378 2358 progenies
390 2290 464 2342 duris
475 2299 556 2359 caput
568 2290 661 2342 extulit
673 2291 751 2361 arvis,

129 2360 324 2427 lmmissaeque
337 2359 410 2410 serae
423 2361 497 2411 silvis
509 2368 536 2411 et
548 2360 636 2412 sidera
648 2360 730 2412 coelo.

128 2430 187 2482 Nec
200 2445 243 2480 res
255 2427 326 2479 huuc
338 2437 446 2481 tenerae
458 2441 567 2498 possent
580 2429 696 2498 perferre
708 2428 838 2499 laborem,

129 2498 219 2549 Sinon
232 2507 304 2549 tanta
317 2498 393 2565 quies
405 2499 453 2551 iret
467 2498 604 2566 frigusque
616 2499 788 2567 caloremque

129 2567 207 2635 Inter,
221 2576 247 2618 et
261 2567 395 2634 exciperet
407 2568 475 2619 coeli
487 2568 653 2635 indulgentia
665 2577 757 2621 terras.
929 2573 978 2622 atu

163 2636 240 2694 Quod
253 2645 382 2704 superest,
393 2653 578 2705 quaecumque
591 2654 699 2706 premes
707 2638 821 2705 virgulta
832 2654 883 2706 per
893 2655 977 2708 egroq

129 2707 227 2774 Sparge
239 2705 303 2757 fimo
315 2705 414 2779 pingui,
428 2716 454 2758 et
469 2707 555 2758 multa
566 2722 671 2758 memor
682 2709 776 2759 occule
789 2717 875 2775 terra3

129 2781 183 2828 Aut
196 2775 313 2844 lapidem
326 2774 455 2844 bibulum,
469 2787 515 2828 aut
528 2776 675 2843 squalentis
688 2775 778 2828 inlode
790 2776 909 2830 conchas
917 2795 927 2847 3

129 2847 200 2896 Inter
212 2846 284 2898 enim
296 2845 419 2898 labentur
431 2863 525 2914 aquae,
540 2846 680 2914 tenuisque
694 2846 793 2899 subibit

130 2915 242 2982 HalitnS,
252 2925 333 2982 atque
342 2915 445 2967 animos
455 2915 546 2966 tollent
556 2923 621 2965 sara.
640 2916 756 2983 Jamque
769 2914 875 2986 reperti,
930 2919 979 2968 350

130 2984 181 3041 Qui
194 3000 257 3036 saxo
270 3001 350 3053 super
361 2993 442 3052 atque
455 2984 569 3051 ingentis
580 2984 697 3052 pondere
710 2993 796 3036 testae

129 3053 294 3120 Urguerent;
312 3055 363 3106 hoc
375 3054 476 3105 effusos
489 3053 626 3111 munimen
638 3053 672 3104 ad
685 3054 787 3122 imbris,

127 3123 190 3190 Hoc,
204 3122 249 3174 ubi
262 3124 352 3175 hiulca
364 3123 407 3174 siti
419 3121 496 3174 findit
508 3123 584 3174 oanis
595 3122 704 3174 aestifer
715 3140 788 3175 arva.

89 3271 202 3316 oleato.
228 3267 267 3315 He
286 3267 345 3314 then
363 3264 447 3311 shows
466 3265 507 3312 the
525 3267 579 3313 best
599 3281 687 3313 scason
706 3265 829 3326 lorplaut‘
866 3266 982 3324 ‚witin

60 3327 167 3386 glowing
177 3326 324 3384 description
335 3322 363 3391 of
370 3323 606 3431 spring-346-357,
620 3325 756 3374 Directions
766 3341 793 3374 us
804 3335 830 3374 to
841 3334 851 3373 t
869 3340 884 3377 e
895 3340 982 3389 prope

59 3399 127 3446 steps
139 3397 164 3433 to
176 3387 206 3432 be
218 3385 292 3430 taken
303 3383 391 3443 dnrrng
401 3399 430 3430 nn
459 3383 520 3432 after
531 3384 647 3443 plantmg.
