2086 3622
387 140 481 187 ursae
503 141 566 183 vttt.
876 124 934 182 ate

85 269 173 338 thue
185 271 255 322 acris
265 269 399 322 concussit
410 285 501 338 equos,
516 277 597 337 utque
611 268 716 338 impulit
729 285 812 338 arma,

84 339 227 408 Extemplo
240 338 338 390 turbati
350 339 442 407 animi,
456 338 536 391 simul
549 355 628 390 omne
642 337 756 390 tumultu

84 407 208 477 Conjurat
221 407 322 477 trepido
334 408 450 475 Latium,
464 407 604 475 saevitque
616 406 743 475 juventus
917 411 932 459 b

83 478 182 530 Effera.
220 479 348 531 Ductores
359 478 437 546 primi
451 477 592 545 Messapus
605 488 631 528 et
644 476 729 530 Ufens

83 547 307 616 Contemptorque
320 546 402 599 deum
416 547 570 598 Mezentius
582 546 700 614 undique
713 553 811 614 cogunt

82 616 198 686 Auxilia,
212 627 239 670 et
252 618 320 669 latos
333 625 436 667 vastant
449 615 593 668 cultoribus
604 633 688 684 agros,

81 686 199 738 Mittitur
211 697 238 739 et
250 685 341 752 magui
354 685 474 737 Venulus
487 684 624 736 Diomedis
636 685 669 736 ad
686 684 786 753 urbem,
943 738 945 742 ,

81 755 132 812 Qui
145 766 218 823 petat
229 755 368 822 auxilium,
383 763 416 816 et,
431 755 506 806 Latio
518 755 664 806 consistere
677 755 803 824 Teucros,
904 757 934 807 10

81 825 235 877 Advectum
246 828 356 877 Aenean
370 823 450 875 classi
462 823 599 892 victosque
615 823 720 876 Penatis

82 893 183 945 Inferre
196 903 222 946 et
235 893 296 945 latis
308 910 398 960 regem
413 910 441 944 se
454 893 545 944 dicere
558 892 640 962 posci,

82 962 209 1030 Edoceat‚
223 963 376 1031 multasque
389 963 444 1014 viro
457 980 486 1015 se
499 961 646 1032 adjungere
658 963 747 1029 gentis

83 1031 223 1101 Dardanio,
237 1042 264 1085 et
276 1032 329 1084 late
342 1032 416 1084 Latio
428 1032 625 1084 increbrescere
638 1048 745 1084 nomen.

81 1101 148 1159 Quid
163 1111 246 1154 struat
258 1101 302 1155 his
313 1103 422 1171 coeptis,
437 1119 527 1170 quem,
542 1101 564 1152 si
577 1101 681 1153 fortuna
693 1109 827 1170 sequatur,
902 1104 933 1153 15

81 1171 216 1223 Eventum
229 1188 335 1240 pugnae
347 1172 445 1239 cupiat,
460 1170 629 1223 manifestius
642 1170 699 1239 ipsi,

81 1239 170 1298 Quam
182 1241 271 1293 Turno
283 1241 347 1309 regi,
361 1249 407 1293 aut
421 1241 474 1308 regi
487 1256 615 1308 apparere
628 1239 731 1290 Latino.

116 1309 191 1360 Talia
204 1326 251 1378 per
262 1309 377 1362 Latium.
412 1309 489 1367 Quae
502 1306 710 1361 Laomedontius
722 1308 801 1360 heros

81 1379 183 1430 Cuncta
196 1379 290 1431 videns
301 1395 398 1447 magno
411 1395 535 1431 curarum
548 1378 659 1430 fluctuat
671 1388 764 1444 aestu3

81 1451 171 1516 Atque
182 1449 302 1501 animum
315 1465 386 1500 nunc
398 1448 450 1500 huo
462 1447 586 1511 celerem,
601 1463 671 1499 nunc
683 1445 779 1499 dividit
790 1446 862 1516 illuc,
899 1453 932 1501 20

81 1518 111 1570 In
124 1518 259 1588 partisque
272 1518 340 1587 rapit
353 1517 440 1571 varias
452 1534 553 1587 perque
566 1516 655 1568 omnia
667 1523 772 1568 versat:
914 1526 917 1532 '

81 1587 154 1640 Sicut
166 1604 253 1657 aquae
266 1587 411 1641 tremulum
424 1587 505 1654 labris
517 1586 565 1640 ubi
578 1586 669 1639 lumen
682 1586 759 1639 ainis

80 1657 140 1709 Sole
153 1674 340 1727 repercussum
353 1667 399 1711 aut
412 1657 541 1710 radiantis
553 1655 670 1724 imagine
683 1656 776 1708 Lunae

81 1727 177 1779 Omnia
189 1727 329 1796 pervolitat
340 1727 394 1780 late
407 1728 472 1792 loca,
484 1726 594 1796 jamque
607 1725 657 1778 sub
668 1743 748 1779 auras

82 1796 198 1864 Erigitur
210 1797 364 1866 summique
377 1797 436 1848 ferit
448 1796 585 1864 laquearia
597 1796 671 1848 tecti.
899 1797 932 1846 25

115 1866 176 1918 Nox
187 1874 251 1933 erat,
264 1876 292 1918 et
306 1875 387 1918 terras
399 1866 526 1918 animalia
538 1865 610 1917 fessa
641 1882 669 1916 er
681 1864 769 1916 omnis

80 1934 204 1999 Alituum
215 1934 406 2003 pecudumque
418 1951 504 2000 genus
516 1950 592 2002 sopor
603 1882 674 1985 allus
687 1932 819 1986 babebat:

81 2004 150 2056 Curti
162 2012 238 2072 pater
249 2004 277 2056 in
290 2004 346 2072 ripa
356 2003 493 2072 gelidique
506 2003 556 2055 sub
568 2002 685 2054 aetheris
696 2018 748 2054 axe

80 2074 196 2141 Aeneas,
210 2073 276 2125 tristi
287 2072 408 2124 turbatus
420 2080 528 2141 pectora
539 2071 618 2138 bello,

80 2142 224 2195 Procubuit
236 2158 379 2210 seramque
392 2141 466 2195 dedit
478 2157 526 2210 per
536 2140 661 2194 membra
673 2138 803 2209 quietem.
900 2143 933 2192 30

80 2211 151 2265 Huic
162 2211 231 2264 deus
243 2213 300 2281 ipse
312 2211 362 2264 loci
374 2212 457 2265 fluvio
469 2210 611 2263 Tiberinus
622 2225 736 2262 amoeno

79 2280 213 2351 Populeas
224 2280 293 2335 inter
305 2281 392 2335 senior
403 2298 433 2335 se
445 2280 566 2335 attollere
577 2279 686 2333 frondes

80 2351 177 2420 Visus3
195 2368 259 2405 eum
272 2352 362 2405 tenuis
371 2352 468 2419 glauco
481 2349 588 2404 velabat
600 2349 701 2402 amictu

79 2421 219 2491 carbasus,
233 2429 261 2474 et
273 2422 356 2475 crinis
367 2421 493 2477 umbrosa
505 2420 613 2489 tegebat
624 2418 726 2472 arundo
733 2434 742 2487 3

79 2490 150 2545 Tum
163 2491 203 2545 sic
213 2490 291 2547 silari
302 2499 330 2547 et
342 2509 421 2546 curas
432 2490 474 2545 his
485 2490 596 2544 demere
608 2488 702 2543 dictis:
899 2490 933 2541 36

117 2562 154 2616 ‘0
165 2570 315 2631 satagente
326 2560 418 2631 deum,
430 2561 574 2631 Trojanam
588 2577 623 2612 ex
635 2557 756 2613 hostibus
766 2556 863 2612 urbem
904 2607 907 2611 ,

80 2629 131 2687 Qui
144 2630 252 2685 revehis
263 2631 339 2685 nobis
351 2639 514 2700 aeternaque
527 2630 657 2697 Pergama
669 2644 768 2696 serras,

80 2699 244 2768 Exspectate
256 2700 311 2753 solo
323 2702 450 2754 Laurenti
461 2699 586 2767 arvisque
599 2697 710 2765 Latinis,

40 2856 63 2901 6.
79 2851 219 2915 Messapus.
252 2853 299 2901 See
315 2853 356 2900 vii.
373 2855 426 2902 691.
461 2851 547 2914 issem
579 2850 627 2898 See
642 2850 816 2900 sillia-7.
832 2848 932 2899 Mezen·

26 2915 69 2960 ius.
101 2911 149 2960 See
164 2912 205 2960 vii.
222 2914 356 2962 cta-12.
375 2911 505 2967 Construe‚
524 2911 629 2958 Aenean
643 2911 720 2958 dicere
737 2926 763 2957 ae
774 2910 842 2971 poici
857 2926 934 2972 regen

26 2973 166 3021 ‘otia-15.
185 2971 248 3020 This
259 2971 279 3042 is
291 2982 317 3019 to
328 2986 414 3020 arouse
431 2971 472 3018 the
489 2970 551 3018 leurs
563 2969 594 3040 οξ
602 2968 730 3026 Diomede,
743 2984 770 3017 as
786 2968 828 3017 the
844 2967 934 3029 dcadly

26 3027 933 3158 lntfldalmataslbltdi‘idtult'lssidllts,itt

26 3165 72 3198 tout
89 3149 252 3198 abtum-29.
281 3150 400 3198 Turbatus
415 3158 520 3256 pectora,
538 3147 580 3199 the
596 3158 733 3196 accusative
749 3147 777 3195 of
796 3147 932 3195 limitation.

26 3210 60 3258 be
71 3219 95 3258 at
107 3209 138 3256 iv.
150 3213 286 3258 nou-35.
302 3210 391 3271 Affori,
405 3219 414 3255 t
433 3225 446 3256 o
458 3207 582 3257 historical
599 3207 725 3256 infinitivo.
758 3207 804 3254 See
816 3215 841 3254 at
851 3205 867 3253 i.
878 3208 932 3254 423.

26 3272 86 3318 -36.
106 3268 243 3330 Monam,
257 3269 306 3317 duc.
337 3267 464 3328 similarly
474 3267 490 3316 i.
501 3270 623 3317 68.-37.
640 3267 741 3335 Repetit
752 3267 827 3313 nobis.
858 3264 930 3315 Altu-

26 3326 259 3439 &affligam
269 3329 370 3378 descent
381 3325 407 3377 ol
416 3327 551 3378 Dardanus.
584 3328 631 3376 Sec
642 3336 667 3376 at
679 3342 711 3375 ru.
722 3327 777 3410 4168.
804 3323 932 3388 Pergam.

26 3550 57 3593 :ia
