2086 3622
446 199 537 240 LIBER
557 201 600 241 Xl.

128 328 248 384 Aurunci
260 329 405 398 Rutulique
418 339 516 399 serunt,
531 339 558 383 et
572 348 678 383 vomere
691 329 770 383 duros

131 399 263 451 Exercent
276 399 357 467 collis,
371 408 452 467 atque
465 399 558 452 horum
571 402 717 470 asperrima
729 405 851 468 pascunt.

129 467 204 520 Haec
216 469 303 520 omnis
317 469 386 537 regio
399 479 426 520 et
439 469 503 520 celsi
518 470 595 538 plaga
627 471 687 522 inea
700 467 796 522 montis
927 470 978 519 32⁰

129 535 212 589 Cedat
225 537 358 590 amicitiae
371 539 533 590 Teucrorum
539 556 547 606 3
565 548 591 591 et
605 488 719 591 ihederis
731 553 832 608 aequas

130 605 257 658 Dicamus
270 606 351 676 leges,
366 608 504 674 sociosque
517 609 544 659 in
556 625 637 676 regna
650 622 795 674 vocemus3
887 641 891 648 ·

130 676 280 743 Considunt,
294 678 316 728 si
330 686 417 727 tantus
428 693 510 744 amor,
525 685 551 728 et
564 678 670 729 moenia
683 677 807 730 condant.

129 744 173 796 Sin
187 745 253 797 alios
265 746 325 796 finis
337 745 472 812 aliamque
485 762 625 814 capessere
637 759 747 814 gentem

131 815 177 866 Est
190 814 303 880 animus,
318 823 479 882 possuntque
493 815 547 866 solo
560 815 693 868 decedere
705 826 807 868 nostro:
927 817 978 866 325

128 882 174 934 Bis
185 882 270 934 denas
283 882 348 935 Italo
362 892 484 935 texamus
496 884 586 938 robore
599 885 681 954 novis,

128 952 181 1004 Seu
194 952 276 1021 pluris
288 952 423 1022 complere
436 953 525 1006 valent
533 971 540 1022 3
558 953 629 1024 jacet
641 955 728 1007 omnis
739 954 772 1006 ad
786 953 885 1007 undam

128 1022 257 1074 Materies
265 1039 272 1089 3
291 1023 340 1091 ipsi
353 1039 548 1091 numerumque
560 1023 726 1093 modumque
739 1024 837 1076 carinis

129 1091 296 1160 Praecipiant
304 1108 312 1159 3
332 1108 380 1144 nos
391 1108 461 1161 aera,
475 1110 578 1161 manuS,
593 1094 698 1146 navalia
710 1093 816 1146 demus.

128 1160 277 1228 Praeterea,
291 1161 337 1229 qui
350 1160 422 1213 dicta
435 1161 521 1214 ferant
534 1172 560 1214 et
574 1162 682 1214 foedera
693 1163 808 1232 firment,
927 1164 977 1212 330

127 1229 240 1282 Centum
254 1242 369 1282 oratores
382 1230 467 1298 prima
479 1230 513 1282 de
525 1240 606 1299 gente
619 1232 728 1284 Latinos

126 1298 168 1351 Ire
181 1299 276 1368 placet,
290 1300 417 1369 pacisque
430 1316 511 1351 manu
524 1300 699 1368 praetendere
713 1316 808 1369 ramos,

127 1368 243 1420 Munera
255 1369 382 1437 portantis
393 1370 503 1438 aurique
516 1368 656 1440 eborisque
669 1369 769 1422 talenta

127 1437 162 1489 Et
175 1437 271 1489 sellam
283 1438 357 1506 regni
370 1437 544 1506 trabeamque
557 1439 670 1507 insignia
683 1440 771 1492 nostri.

127 1508 260 1559 Consulite
274 1508 300 1560 in
314 1507 443 1569 medium,
457 1516 484 1559 et
497 1508 576 1560 rebus
589 1509 734 1562 succurrite
748 1508 843 1561 fessis)
927 1510 976 1559 335

161 1576 233 1628 Tum
244 1577 370 1647 Drances,
384 1577 457 1630 idem
470 1577 597 1647 infensus,
611 1595 692 1647 quem
704 1578 787 1646 gloria
798 1576 882 1630 Turni

126 1646 238 1716 Obliqua
252 1646 350 1699 invidia
363 1647 531 1716 stimulisque
543 1648 660 1717 agitabat
672 1649 778 1717 amaris,

127 1715 230 1783 Largus
241 1734 331 1786 opum,
346 1727 372 1768 et
385 1716 476 1785 lingua
487 1716 664 1770 melior-sed
678 1718 773 1786 frigida
786 1717 857 1771 bello

127 1785 396 1839 Dextera—consiliis
408 1787 515 1840 habitus
528 1804 577 1839 non
591 1786 675 1840 futilis
686 1797 783 1856 auctor,

126 1853 260 1906 seditione
292 1865 382 1922 utens,
401 1872 487 1923 genus
500 1855 561 1907 hnic
574 1865 695 1908 materna
708 1856 854 1926 superbum
925 1857 977 1907 340

126 1922 259 1975 Nobilitas
270 1872 359 1993 dabat,
374 1926 504 1977 incertum
516 1924 550 1976 de
563 1934 637 1994 patre
650 1925 752 1978 serebat
759 1943 768 1993 3

126 1993 220 2061 Surgit,
234 2000 261 2044 et
274 1992 316 2044 his
327 2001 418 2046 onerat
430 1993 509 2046 dictis
520 2002 602 2062 atque
613 2005 722 2062 aggerat
735 1996 800 2046 iras:

129 2063 212 2114 ‘Rem
225 2061 289 2114 nulli
301 2061 449 2131 obscuram,
463 2071 567 2115 nostrae
581 2080 631 2116 nec
645 2064 716 2116 vocis
732 2071 865 2132 egentem,

127 2132 255 2198 Consulis,
269 2148 284 2182 o
297 2132 365 2184 bone
380 2149 426 2184 rex
434 2149 441 2200 3
461 2132 550 2184 cuncti
564 2149 592 2184 se
606 2133 811 2201 sauciarentur,

127 2200 196 2259 Quid
210 2201 314 2253 fortuna
326 2200 393 2254 ferat
406 2203 496 2271 populi
504 2219 511 2270 3
531 2203 579 2254 sed
591 2202 680 2255 dicere
694 2210 823 2255 mussant.
924 2204 975 2253 345

127 2271 178 2322 Det
191 2269 345 2323 libertatem
355 2270 436 2351 fandi,
450 2271 584 2340 flatusque
598 2272 723 2341 remittat,

127 2337 209 2407 Cujus
220 2339 254 2391 ob
266 2340 417 2409 auspicium
430 2341 573 2394 iufaustum
588 2358 729 2410 moresque
742 2341 896 2393 sinistros-

126 2409 221 2461 Dicam
235 2409 369 2480 equidem,
384 2410 447 2462 licet
459 2427 534 2463 arma
546 2412 612 2464 mihi
627 2420 794 2533 mortemque
807 2410 959 2463 minetur-

126 2478 240 2531 Lumina
252 2487 289 2532 tot
301 2480 433 2534 cecidisse
446 2478 546 2533 ducum
560 2490 696 2550 totamque
708 2481 735 2532 vi
756 2497 835 2533 emus

126 2548 285 2600 consedisse
297 2550 392 2603 urbem
405 2549 486 2619 luctu,
500 2552 564 2602 dum
578 2550 658 2603 Troia
672 2558 756 2603 tentat
925 2551 975 2599 350

125 2618 225 2686 Castra,
240 2617 319 2686 fugae
332 2619 425 2688 fidens,
439 2633 465 2671 et
478 2619 583 2671 coelum
597 2620 696 2672 territat
709 2619 800 2671 armis.

125 2686 216 2739 Unum
228 2687 310 2738 etiam
323 2686 400 2740 donis
413 2688 476 2756 istis,
490 2703 559 2756 quae
572 2687 686 2756 plurima
699 2688 767 2740 mitti

125 2755 285 2807 Dardanidis
296 2756 403 2824 dicique
415 2755 499 2824 jubes,
513 2773 605 2824 unum,
618 2757 719 2824 optime
733 2771 834 2824 regum,

123 2823 245 2904 Adjicias
253 2841 260 2891 3
279 2836 368 2876 necte
382 2824 462 2878 ullius
475 2825 601 2876 violentia
613 2825 707 2894 vincat,

124 2894 193 2953 Quin
207 2901 295 2945 natam
309 2893 415 2961 egregio
427 2911 525 2962 genero
537 2894 676 2962 dignisque
689 2893 849 2963 hymenaeis
925 2897 974 2944 355

124 2964 186 3032 Des,
201 2973 282 3032 pater,
296 2973 323 3013 et
335 2979 430 3032 pacem
444 2964 513 3016 hanc
524 2971 633 3015 aeterno
645 2962 752 3015 loedere
764 2962 869 3032 jungas.

123 3033 199 3091 Quod
213 3033 234 3084 si
249 3042 338 3084 tantus
350 3031 432 3085 habet
445 3043 549 3085 mentes
562 3040 588 3085 et
601 3041 708 3102 pectora
720 3041 809 3102 terror,

249 3146 328 3153 --.-
619 3145 680 3152 .-

81 3189 133 3235 318.
152 3185 282 3243 Aaranct,·
301 3202 323 3244 p.
342 3190 393 3242 180,
412 3186 460 3234 line
475 3190 498 3235 7.
530 3185 638 3242 Rutalr,·
656 3201 678 3245 p.
696 3189 749 3242 291,
769 3185 816 3234 line
836 3188 972 3234 42.-319.
1008 3214 1011 3222 ·

54 3244 192 3308 Asper-rimo
214 3244 370 3293 locu-325.
393 3245 511 3302 Possunt,
532 3247 609 3294 virtus
631 3245 687 3293 sinit
709 3253 759 3298 (sce
782 3248 850 3302 307);
876 3261 904 3293 or
924 3244 974 3293 latu

51 3304 143 3354 sinunt.
186 3303 278 3352 Others
300 3304 355 3351 read
375 3308 581 3367 ponerent-334.
613 3304 732 3358 Trabeam,
757 3305 796 3351 vii.
821 3306 972 3355 mre-³36.

52 3362 159 3414 omma
171 3363 191 3411 is
203 3363 327 3423 evidently
337 3364 378 3410 the
388 3364 517 3412 Thersites
528 3365 556 3412 os
565 3365 664 3419 Homer,
675 3364 769 3423 though
778 3379 844 3412 more
853 3362 971 3424 polislrerl.

51 3426 140 3473 ²³89.
159 3421 260 3470 Dextera
272 3434 330 3469 erut.
341 3445 372 3454 -
381 3427 431 3470 341.
451 3423 568 3471 Incertum
579 3439 657 3484 genus
669 3424 930 3483 issemus—tenebat.

155 3488 186 3535 34
