2078 3622
418 180 603 224 Gaenercurt.

117 313 168 366 San
209 312 239 380 is,
252 319 279 365 et
292 309 415 365 obsessas
426 310 521 364 fauces
551 308 629 363 remit
640 325 737 380 aspera
748 305 847 378 lingua.

117 383 168 435 Pro
183 383 220 434 uit
234 382 331 434 inserto
343 381 438 434 latiees
449 327 589 433 1111111111
601 395 683 432 eomu

118 452 240 504 Lenaeos
247 467 255 519 3
273 467 306 502 ea
319 451 377 503 risa
389 449 462 502 salus
473 448 648 502 morientibus
659 464 722 501 una.
919 449 970 501 510

117 521 183 575 Mor
196 530 252 573 erat
264 518 315 572 hoo
328 521 415 589 ipsum
428 519 519 588 exitio,
533 517 662 588 furiisque
676 517 769 570 refeeti

118 590 264 658 Ardebant,
279 590 383 659 ipsique
396 606 458 642 suos
468 588 525 658 jam
538 597 622 640 morte
635 587 687 641 sub
698 604 815 656 aegra-

118 661 150 714 Di
162 660 276 712 meliora
288 659 345 728 piis,
359 675 530 727 erroremque
542 656 664 710 hostibus
675 656 753 710 illum
762 655 808 709 1-

118 729 250 782 Diseissos
262 727 342 781 nudis
353 727 489 781 laniabant
501 726 627 780 dentibus
638 735 718 780 artus

119 800 192 852 Ecce
204 807 297 850 autem
309 798 374 849 duro
387 797 496 851 fumans
507 795 559 849 sub
571 812 680 849 vomere
692 804 785 849 taurus
920 796 972 847 515

118 867 238 921 boneidit
251 877 278 919 et
290 866 405 919 mixtum
417 866 522 936 spumis
533 865 617 918 vomit
628 882 674 918 ore
685 880 808 919 eruorem

118 938 316 1006 Extremusque
328 937 381 988 ciet
393 936 520 1004 gemitus.
556 935 580 989 It
592 936 673 989 tristis
684 943 778 1004 arator,

117 1007 286 1060 Maerentem
299 1005 450 1074 abjungens
462 1005 577 1058 fraterna
589 1013 675 1058 morte
684 1004 840 1075 juvencum,

117 1079 208 1145 Atque
220 1092 300 1144 opere
313 1076 340 1127 in
352 1075 442 1127 medio
454 1074 544 1127 defixa
557 1073 681 1143 relinquit
692 1082 788 1128 aratra.

117 1146 178 1198 Non
190 1145 302 1198 umbrae
318 1145 431 1198 altorum
444 1161 593 1207 nemorum,
606 1160 658 1197 non
671 1144 762 1198 mollia
809 1150 887 1199 ssuut
921 1145 972 1196 520

118 1215 196 1268 Prata
209 1231 318 1266 movere
330 1215 459 1282 animum,
473 1229 533 1283 non,
547 1214 593 1283 qui
606 1231 653 1283 per
669 1230 734 1267 saxa
744 1230 778 1266 vo
789 1222 851 1268 utus

117 1285 210 1337 Purior
221 1284 320 1337 electro
332 1300 459 1354 eampum
471 1283 539 1352 petit
550 1283 639 1337 amnis
645 1299 653 1351 ;
671 1291 699 1336 at
711 1283 767 1337 ima

117 1353 262 1407 Solvuntur
273 1353 365 1423 latera,
377 1364 404 1406 at
425 1369 459 1406 ue
471 1352 563 1405 oeulos
574 1361 665 1422 stupor
677 1362 772 1421 urguet
784 1352 886 1424 inertis,

118 1423 161 1476 Ad
176 1432 326 1492 terramque
339 1370 753 1492 1111111111111111111111111111.

118 1492 189 1551 Quid
203 1492 277 1545 labor
288 1503 335 1545 aut
347 1492 491 1545 1111111111
501 1491 613 1562 juvanti
626 1491 691 1561 quid
699 1508 809 1546 vomere
818 1500 904 1546 terras
920 1495 971 1544 525

117 1562 261 1614 invertisse
273 1562 384 1629 gravisi
419 1562 501 1630 Atqui
513 1577 565 1614 non
577 1561 698 1615 Massica
709 1560 809 1615 Baeehi

117 1631 241 1699 Munera,
255 1647 306 1682 non
320 1631 373 1683 illis
385 1631 481 1699 epulae
494 1645 609 1684 nocuere
621 1639 758 1700 repostae:

118 1700 267 1753 Frondibus
280 1707 307 1752 et
320 1701 392 1753 rictu
440 1709 549 1753 suuntur
561 1700 693 1770 simplicia
704 1701 813 1772 herbae,

118 1769 218 1823 Pocula
230 1779 291 1822 sunt
304 1771 389 1822 fontes
402 1717 494 1838 11111111
510 1778 592 1840 atque
604 1771 722 1824 exercita
734 1788 815 1824 eursu

119 1839 252 1907 Flumina,
266 1856 318 1892 neo
329 1855 437 1892 somnos
448 1838 583 1920 abrumpit
595 1856 660 1892 eura
671 1840 794 1895 salubris.
922 1842 973 1892 530

118 1909 251 1978 Tempore
263 1925 315 1962 non
327 1909 380 1962 alio
392 1909 484 1962 dieunt
496 1909 649 1978 regionibus
660 1909 714 1963 illis

119 1978 262 2037 Quaesitae
274 1978 309 2031 ad
322 1995 398 2031 saera
409 1978 493 2032 boves
505 1979 625 2049 Junonis,
639 1989 667 2032 et
678 1979 735 2034 uris

119 2048 270 2117 Imparibus
280 2048 376 2102 duotos
386 2048 442 2102 alta
453 2048 488 2102 ad
500 2048 609 2102 donaria
620 2065 722 2103 currus.

120 2118 190 2186 Ergo
202 2134 282 2187 aegre
295 2119 386 2172 rastris
397 2127 497 2172 terram
510 2119 645 2189 rimantur,
659 2127 688 2172 et
699 2118 764 2189 ipsis

118 2186 262 2256 Unguibus
273 2187 405 2241 infodiunt
417 2186 517 2258 fruges,
530 2188 684 2259 montisque
695 2205 744 2259 per
754 2187 824 2243 altos
920 2190 973 2241 5³5

119 2256 249 2309 Contenta
262 2259 367 2310 cerviae
380 2257 488 2312 trahunt
500 2257 641 2311 stridentia
652 2258 780 2329 plaustra.

153 2327 213 2379 Non
227 2325 307 2404 lupus
319 2327 432 2380 iusidias
443 2327 562 2396 explorat
574 2327 657 2381 ovilia
668 2327 780 2409 oireum2

118 2394 179 2448 Neo
190 2395 317 2465 gregibus
331 2404 474 2450 nocturnus
486 2396 659 2467 obambulat3
677 2399 761 2451 111111
772 2395 851 2452 illum

119 2465 189 2517 Cura
201 2465 301 2518 domat.
337 2466 439 2520 Timidi
451 2466 548 2520 damae
559 2467 687 2537 cervique
698 2466 811 2537 fugaces

118 2533 199 2587 Nune
211 2535 333 2605 interque
346 2552 428 2590 mnes
440 2544 467 2589 et
479 2536 666 2590 circumtecta
675 2544 816 2607 vagantur.
921 2539 975 2592 640

118 2604 180 2657 Jarrr
193 2605 274 2658 maris
285 2608 411 2659 immensi
423 2605 525 2676 prolem
539 2615 566 2658 et
578 2623 665 2674 genus
675 2623 756 2661 omne
768 2612 911 2661 nouorum

118 2673 206 2727 Litore
220 2674 247 2728 in
260 2684 388 2744 extremo,
401 2692 453 2728 eeu
465 2675 594 2743 naufraga
605 2693 721 2747 corpora,
734 2676 834 2730 fluetus

118 2743 218 2797 Proluit
228 2760 236 2813 5
255 2745 377 2798 insolitae
389 2744 496 2813 fugiunt
509 2745 537 2798 in
548 2746 661 2799 flumina
673 2746 785 2817 phoeae.

116 2811 210 2866 Interit
222 2821 250 2866 et
263 2814 352 2868 eurvis
364 2814 462 2868 frustra
473 2814 586 2868 defensa
597 2814 708 2869 latebris

116 2881 223 2952 Vipera,
237 2893 265 2935 et
276 2884 381 2937 attoniti
392 2886 513 2954 squamis
524 2884 694 2940 adstantibus
705 2884 795 2956 hydri·
921 2888 972 2941 tte

116 2951 129 3003 I
163 2952 186 3003 is
197 2961 238 3004 est
250 2956 297 3005 111
308 2953 405 3007 avibus
416 2970 468 3007 non
480 2971 591 3023 aequus,
604 2963 633 3008 et
643 2954 706 3009 illae

139 3020 283 3089 raeeipites
294 3022 350 3074 alta
361 3023 445 3075 vitam
457 3023 508 3076 sub
520 3023 593 3077 nube
605 3024 767 3095 relinquunt.

117 3088 261 3142 Praeterea
270 3089 327 3159 jam
339 3108 392 3144 neo
402 3093 501 3145 mutari
513 3093 613 3162 pabula
624 3095 714 3161 refert,

74 3231 189 3279 515-530.
206 3230 342 3292 Sufferings
358 3232 386 3279 ol
399 3232 442 3280 the
458 3233 573 3283 innocent
589 3245 668 3286 steers
684 3245 709 3285 at
724 3236 802 3286 work.
816 3238 971 3287 481116.

44 3286 181 3348 Hardships
197 3289 308 3350 imposed
324 3306 355 3338 orr
371 3290 413 3339 the
447 3293 525 3352 euple.
536 3298 693 3344 -537-547.
712 3294 791 3344 Other
806 3296 912 3346 animatu
927 3310 971 3347 ex·

43 3346 174 3406 perieneerl
189 3348 229 3418 tlre
244 3349 294 3398 evil
310 3349 396 3399 effecte
411 3307 445 3399 oiJ
450 3350 493 3399 the
509 3353 612 3402 diseese.
622 3356 775 3403 -548-550.
791 3354 837 3405 All
848 3352 973 3407 remedi·

43 3419 110 3455 were
120 3408 267 3470 uusvmlrug.
936 3420 939 3425 '
961 3432 967 3443 ·
