2078 3622
438 178 596 219 AENEIDOS.

123 304 236 375 Optabis
247 312 309 358 nato
322 305 402 359 sunus
413 314 496 375 pater.
533 304 585 357 Hei
597 303 672 374 mihi,
685 312 817 375 quantum

124 374 291 428 Praesidium
303 373 422 429 Ausonia
434 384 461 427 et
472 383 604 443 quantum
616 382 644 427 tu
657 374 756 443 perdis,
769 373 828 427 Iule
838 370 857 425 l'

159 444 234 497 Haec
246 445 293 498 ubi
304 444 425 513 deflevit,
438 444 494 496 tolli
505 443 659 497 miserabile
671 460 768 513 corpus

127 514 167 567 lm
203 523 250 583 rat,
263 523 291 567 et
303 522 357 567 toto
368 512 454 565 lectos
466 530 501 567 ex
511 514 619 581 agmine
631 513 713 565 mittit
943 516 978 567 6⁰

125 582 168 637 Mi
180 584 205 636 le
217 584 294 652 viros,
307 583 354 653 qui
366 599 522 651 supremum
534 582 696 635 comitentur
707 581 844 651 honorem,

126 652 304 721 Intersintquc
316 652 400 722 patris
411 652 527 705 lacrimis
548 652 644 704 solatia
656 651 745 704 luctus

128 723 233 791 Exigua
245 722 366 791 lugentis,
379 722 478 774 misero
491 692 540 775 sed
552 721 644 775 debita
655 720 732 791 patri.

127 791 205 844 Haud
219 807 316 859 segnes
326 790 373 843 alii
385 792 466 844 cratis
478 801 505 844 et
517 791 598 845 mollo
610 791 740 843 feretrum

127 860 256 914 Arbuteis
267 869 359 914 texunt
371 860 451 929 virgis
463 870 490 914 ot
503 860 604 914 vimine
636 876 725 929 uerno,
945 862 979 911 lib

128 931 337 999 Exstructosquc
350 939 420 983 toros
431 930 542 983 obtentu
555 878 656 983 frondis
667 930 829 983 inumbrant.

128 998 179 1050 llic
189 998 317 1065 juvenem
329 1000 427 1068 agresti
440 999 586 1052 sublimem
597 998 724 1051 stramine
736 1006 851 1067 ponunt:

128 1068 252 1135 Qualem,
268 1068 387 1137 virgineo
399 1069 555 1121 rlcmeseum
567 1068 672 1137 pollice,
686 1068 780 1121 florem

128 1136 179 1189 Seu
192 1137 280 1191 mollis
292 1137 386 1207 violae,
399 1154 449 1191 seu
461 1136 611 1205 languentis
623 1136 769 1206 hyacinthi,

128 1206 177 1259 Cui
191 1224 280 1277 neque
292 1208 378 1278 fulgor
389 1206 486 1273 adhuc,
500 1224 551 1259 nec
562 1206 630 1259 dum
640 1224 689 1260 sua
700 1206 787 1258 forma
799 1204 928 1275 recessit,
946 1208 982 1257 70

127 1276 188 1329 Non
198 1275 256 1346 jam
267 1288 354 1331 mater
365 1280 412 1333 alit
425 1276 513 1345 tellus,
526 1277 651 1345 viresque
664 1276 804 1329 ministrat.

128 1344 200 1399 Tum
212 1348 334 1414 geminas
346 1359 437 1403 vestes
448 1362 566 1415 auroque
578 1356 702 1415 ostroque
714 1344 824 1412 rigentis

129 1415 231 1468 Extulit
244 1418 352 1470 Aeneas
374 1436 442 1487 quas
453 1414 496 1472 illi·
504 1414 576 1468 laeta
588 1414 710 1469 laborum

129 1484 191 1551 lpsa
203 1486 259 1538 sais
271 1459 405 1555 quondam
418 1490 544 1543 manibus
555 1484 660 1537 Sidonia
672 1482 740 1537 Dido

128 1554 248 1625 Fecerat,
262 1566 289 1608 et
303 1558 377 1609 tenui
389 1558 457 1610 telas
468 1559 632 1615 discreverat
644 1569 718 1606 ³⁰10·
948 1554 983 1604 ⁷5

126 1623 229 1677 Harum
242 1642 323 1678 unam
335 1625 427 1694 juveni
439 1644 595 1696 supremum
604 1631 730 1682 moestus
741 1620 873 1675 honorem

129 1693 225 1763 Induit,
238 1710 398 1763 arsurasque
410 1712 502 1748 comas
512 1698 629 1752 obnubit.
637 1692 739 1745 amictu
746 1707 754 1757 3

127 1762 271 1831 Multaque
283 1776 421 1832 praeterea
433 1764 574 1820 Laurentis
585 1762 708 1836 praemia
718 1775 825 1830 pugnae

129 1833 253 1902 Aggerat,
267 1841 294 1886 et
307 1832 384 1901 longo
396 1835 524 1903 praedam
535 1836 610 1905 jubet
622 1829 646 1891 o¹
672 1830 718 1884 ine
729 1829 801 1883 duci·

128 1901 210 1954 Addit
223 1919 306 1972 equos
318 1915 345 1956 et
358 1904 418 1970 tela,
431 1905 529 1974 quibus
540 1907 659 1977 spoliave
693 1898 830 1953 thostem.
950 1900 986 1951 8⁰

128 1971 254 2025 Vinxerat
267 1982 294 2025 et
306 1982 364 2042 post
376 1982 450 2043 terga
462 1993 565 2045 manus,
578 1994 646 2045 quos
692 1970 780 2046 'llerel
792 1965 898 2020 umbris

127 2039 247 2111 Inferias,
260 2059 340 2095 caeso
352 2060 494 2113 sparsurus
505 2048 636 2113 sanguine
648 2047 808 2107 flammam

127 2110 290 2181 Indutosque
301 2111 377 2182 jubet
390 2123 497 2167 truncos
509 2115 648 2169 hostilibus
659 2105 728 2168 armi

127 2180 203 2248 Ipsos
215 2181 284 2233 ferre
296 2182 387 2251 duces,
402 2184 564 2253 inimicaque
576 2186 685 2238 nomina
697 2184 734 2253 fig

127 2248 239 2302 Ducitur
251 2250 345 2303 infelix
356 2268 424 2304 aevo
436 2252 574 2307 conlectus
585 2256 717 2321 Acoetes,
755 2250 769 2294 l
952 2248 987 2298 ⁸⁵

128 2318 239 2371 Pectora
252 2337 322 2373 nuno
334 2320 446 2374 foedans
457 2323 560 2391 pugnis,
574 2340 645 2375 nunc
655 2312 798 2397 unguibqs
809 2329 864 2385 ⁰¹³,

128 2386 264 2456 Sternitur,
278 2399 305 2441 ct
318 2398 372 2443 toto
384 2390 518 2460 projectus
529 2408 637 2461 corpore
650 2400 746 2444 terrae.
769 2414 790 2481 q

128 2456 235 2509 Ducunt
248 2466 275 2509 et
287 2458 384 2511 Rutulo
397 2461 518 2529 perfusos
529 2460 659 2527 sanguine
671 2476 790 2513 carrusa

128 2524 190 2577 Post
203 2525 314 2579 bellator
326 2544 419 2595 equus,
433 2530 525 2597 positis
537 2528 693 2597 insignibus,
707 2530 760 2581 Aet

128 2595 152 2647 lt
165 2594 315 2663 lacrimans,
328 2597 462 2665 guttisque
475 2598 613 2651 humectat
624 2594 772 2665 grandibus
783 2614 818 2649 or
832 2640 838 2651 .
955 2594 990 2647 9⁰

129 2664 241 2717 Hastam
253 2665 297 2717 alii
309 2666 469 2736 galeamque
481 2668 585 2737 ferunt,
604 2684 666 2720 narn
678 2674 768 2719 cetera
780 2666 805 2721 Τ
856 2688 891 2715 na

128 2734 218 2787 Victor
228 2734 318 2789 habet.
342 2736 412 2789 Turn
425 2746 528 2791 moesta
537 2737 662 2807 phalanx,
671 2686 858 2789 Teas‘ffl

128 2802 314 2874 Tyrrhenique
326 2824 420 2859 omnes
433 2816 459 2859 et
472 2809 557 2861 versis
568 2806 706 2861 Arcadem

128 2873 271 2941 Postquam
285 2876 373 2928 omnis
385 2876 462 2944 longe
475 2878 604 2931 comitum
617 2890 678 2945 prot·

128 2942 249 2995 Substitit
262 2947 377 3014 Aeneas,
390 2948 546 3017 gemituque
558 2946 627 2998 haec
638 2944 668 2995 ar'

129 3011 200 3063 ‘Nos
211 3012 278 3065 alias
290 3014 353 3067 hinc
365 3016 399 3069 ad
413 3016 536 3069 lacrimas
548 3015 644 3067 eadem

874 2731 911 2817 Is
970 2747 993 2785 'r

81 3093 281 3105 ——-.—.

87 3125 126 3173 66.
144 3124 191 3193 Sec
202 3136 226 3173 at
237 3127 270 3175 vi.
283 3132 334 3177 214.
343 3134 421 3179 -69.
434 3131 587 3193 Languentis

59 3182 107 3231 See
118 3194 142 3232 at
154 3200 187 3233 rx.
199 3189 253 3235 266.
263 3192 340 3235 -78,
353 3188 499 3239 Laurentia
527 3191 576 3238 See

58 3242 172 3301 alvorum,
184 3261 250 3305 quos.
260 3250 333 3295 -82,
346 3246 459 3309 Inferias.
493 3251 540 3297 Sec
552 3264 568 3295 a

57 3309 85 3349 to
99 3318 203 3371 appcase
220 3305 261 3353 the
273 3306 361 3354 Manes
377 3306 405 3355 ol
416 3308 458 3355 the
470 3308 540 3363 dead,
554 3322 562 3349 t

57 3358 140 3410 heroic
151 3380 218 3424 ages,
231 3377 273 3413 not
289 3366 414 3415 unlrnown
429 3368 453 3415 in
465 3366 592 3429 Virgil’st

57 3426 85 3467 tc
95 3421 125 3468 bc
137 3424 262 3474 borrowod
274 3427 334 3477 lrorn
347 3426 388 3475 tho
400 3427 496 3479 Roman
508 3427 588 3481 triurrr·¹
