2078 3622
448 159 631 201 uuoltotoort.

149 286 184 340 Et
195 289 293 340 ductus
303 303 384 340 cornu
397 287 478 340 stabit
490 303 567 341 sacer
578 288 669 342 hircus
679 290 714 344 ad
726 308 809 362 aram,
945 297 997 347 300

148 356 313 426 Pinguiaque
325 355 352 408 in
366 356 475 410 veribus
488 357 646 411 torrebimus
658 369 720 413 exta
731 361 854 415 columis

183 426 232 479 Est
243 427 326 479 etiam
338 425 384 477 ille
396 425 470 478 labor
481 428 607 480 curandis
618 428 717 482 vitibus
728 430 803 498 alter,

148 495 198 548 Cui
206 511 355 564 numquam
363 494 487 548 exhausti
495 497 560 549 satis
568 504 626 565 est;
639 515 844 568 namqueomne
852 501 998 569 quotannis

147 565 253 633 Terque
265 571 412 634 quaterque
425 565 511 618 solum
523 566 709 637 scindendum,
721 567 855 638 glebaque
868 570 953 623 versis

146 635 296 687 Aeternum
308 633 456 702 frangenda
467 634 635 704 bidentibus;
652 653 732 690 omne
744 637 889 692 levandum
943 644 996 693 400

147 701 251 755 Fronde
263 719 376 772 narnus,
395 703 463 756 redit
474 704 597 771 agricolis
609 705 682 758 labor
693 713 771 760 actus
782 707 923 778 lumbam,

145 774 236 842 Atque
248 772 274 825 in
287 789 316 825 se
329 789 378 825 sua
389 789 437 840 per
448 774 561 841 vestigia
572 773 688 827 volvitur
698 793 792 829 annus.

144 843 187 897 Ao
197 841 254 911 jam
265 840 338 909 olim,
352 858 426 894 seras
437 843 524 912 posuit
536 859 599 896 curn
612 843 691 896 vinea
702 843 819 916 frondes,

144 909 268 978 Frigidus
279 919 307 964 et
319 911 393 964 silvis
403 911 502 980 Aquilo
513 911 632 966 decussit
643 911 785 984 honorem;

143 980 205 1032 Jam
218 988 276 1034 tum
288 997 349 1033 acer
360 997 438 1032 curas
451 980 607 1034 venientem
617 982 736 1035 extendit
749 984 776 1037 in
787 1000 888 1039 annum
942 990 994 1039 405

143 1048 274 1130 Rusticus,
288 1059 315 1102 et
327 1066 408 1102 curvo
420 1049 525 1103 Saturni
537 1050 617 1103 dente
630 1050 750 1105 relictam

143 1118 316 1189 Persequrtur
328 1119 410 1172 vitem
425 1118 572 1188 attondens,
586 1120 713 1190 fingitque
725 1121 853 1191 putando.

143 1187 250 1242 Primus
261 1188 374 1242 humum
387 1187 477 1268 fodito,
490 1188 594 1258 primus
604 1188 717 1243 devecta
729 1200 847 1244 cremato

143 1256 289 1327 Sarmenta,
303 1265 330 1310 et
342 1257 426 1311 vallos
436 1274 538 1329 pnmus
549 1257 600 1311 sub
612 1266 684 1311 tecta
695 1258 791 1312 referto
798 1277 806 1330 5

143 1326 297 1380 Postremus
308 1327 412 1380 metito.
448 1328 494 1380 Bis
506 1327 604 1381 vitibus
615 1328 711 1395 ingruit
723 1329 820 1383 umbra
826 1346 835 1398 5
941 1335 994 1384 410

143 1395 189 1448 Bis
200 1406 323 1465 segetem
333 1395 426 1450 densis
436 1397 573 1450 obducunt
585 1397 704 1451 sontibus
716 1397 833 1452 herbae:

142 1465 231 1518 Durus
242 1474 355 1535 uterque
369 1465 452 1520 labor.
488 1466 607 1518 Laudato
619 1466 737 1535 ingentia
749 1484 817 1537 rura,

143 1534 278 1602 Exiguum
290 1534 377 1587 colito.
413 1537 534 1588 Necnon
546 1536 630 1587 etiam
641 1553 737 1604 aspera
748 1538 820 1590 rusci

142 1603 251 1657 Vimina
262 1620 310 1672 per
321 1603 425 1674 silvam,
439 1612 466 1656 et
479 1604 541 1673 ripis
552 1604 668 1657 fluvialis
682 1606 782 1659 amndo

143 1672 275 1742 Caeditur,
289 1670 434 1742 incultique
446 1684 553 1726 exercet
565 1691 630 1727 cura
642 1674 738 1728 salicti.
941 1681 991 1730 415

141 1742 203 1795 Jam
216 1743 321 1794 vinctae
333 1742 410 1809 vites,
423 1742 479 1812 jam
491 1742 590 1796 falcem
602 1743 711 1797 arbusta
723 1753 861 1815 reponunt,

141 1811 203 1864 Jarn
216 1812 287 1864 canit
299 1811 410 1865 effectos
422 1821 560 1865 extremus
571 1813 665 1866 vinitor
675 1821 761 1866 autes.

141 1880 310 1933 Sollicitando
322 1890 413 1934 tamen
426 1881 512 1948 tellus,
526 1881 667 1951 pulvisque
678 1882 828 1936 movendus
835 1899 845 1953 5

142 1950 177 2003 Et
187 1949 244 2019 jam
256 1952 368 2003 maturis
379 1951 543 2004 metuendus
552 1952 655 2020 Jupiter
667 1952 734 2004 uvis.

177 2021 273 2073 Contra
284 2037 335 2073 non
348 2019 403 2074 ulla
414 2029 455 2073 est
467 2020 534 2072 oleis
544 2020 655 2089 cultura,
668 2037 757 2090 nequa
769 2019 831 2074 illae
937 2026 989 2076 400

142 2089 300 2143 Procurvam
314 2097 470 2159 exspectant
482 2089 579 2142 saleern
592 2100 742 2159 rastrosque
755 2097 873 2159 tenaces,
924 2127 928 2134 -

141 2160 210 2212 Cum
222 2160 307 2213 semel
319 2159 461 2213 haeserunt
473 2159 552 2227 arvis,
565 2175 698 2228 aurasque
710 2159 836 2212 tulerunt.

141 2229 202 2298 Ipsa
214 2229 279 2280 satis
291 2229 378 2298 tellus,
391 2246 454 2282 curn
466 2228 547 2281 dente
559 2228 702 2281 recluditur
714 2244 791 2298 uoco,

140 2297 243 2350 Sufficit
257 2298 404 2367 humorem,
417 2307 444 2350 et
455 2299 586 2366 gravidas,
599 2315 663 2350 cum
675 2313 791 2368 vomere,
804 2297 904 2367 fruges.

140 2366 197 2419 Hoc
210 2366 336 2435 pinguem
348 2376 375 2420 et
387 2367 514 2437 placitam
527 2368 590 2420 Paci
602 2368 711 2420 nutritor
722 2365 831 2419 olivam.
936 2371 987 2423 420

174 2436 257 2489 Poma
268 2453 383 2507 quoque,
396 2445 426 2490 nt
437 2437 552 2506 primurn
565 2446 670 2489 truncos
681 2452 789 2489 sensere
800 2435 923 2508 valentia

140 2506 175 2559 Et
187 2505 257 2557 vires
269 2505 386 2559 habuere
398 2523 467 2573 suas,
480 2506 615 2559 adsidam
626 2506 724 2574 raptim

139 2575 172 2627 Vi
184 2575 289 2643 propria
299 2575 424 2643 nituntur,
437 2575 547 2644 opisque
559 2575 632 2629 baud
645 2574 736 2642 indiga
747 2581 862 2627 nostrae.

173 2646 233 2697 Neo
244 2645 334 2697 minus
346 2643 448 2697 interea
460 2644 517 2697 fetu
529 2661 626 2697 nemus
636 2661 716 2697 omne
727 2644 870 2714 gravescit,

138 2713 349 2783 Sanguineisque
360 2713 461 2767 inculta
473 2714 567 2766 rubent
578 2714 679 2766 aviaria
690 2712 789 2767 baccis.
937 2717 985 2767 400

102 2776 111 2797 ’
137 2783 292 2836 Tondentur
303 2783 389 2852 cytisi,
402 2784 496 2836 medas
508 2784 574 2836 silva
585 2783 639 2835 alta
651 2783 783 2836 ministrat

138 2853 339 2923 Pascunturque
351 2853 429 2922 ignes
440 2852 559 2906 nocturni
572 2861 599 2904 et
611 2852 714 2905 lumina
724 2821 849 2905 fundunt.
914 2898 922 2911 ,

138 2922 172 2973 Ε1
183 2921 306 2975 dubitant
319 2922 442 2975 homiues
453 2937 542 2974 serere
553 2929 580 2974 at
600 2938 634 2973 ue
646 2919 803 2991 impendere
814 2921 927 2975 curam!

135 2989 206 3047 Quid
219 2991 320 3059 majora
331 2990 447 3059 aequari
484 2989 585 3042 Salices
615 2990 915 3060 umilesquegenestac,

135 3059 192 3111 Aut
203 3057 266 3110 illae
277 3059 368 3128 pecori
379 3058 510 3124 frondem,
522 3066 570 3111 aut
581 3059 730 3128 pastoribus
740 3059 853 3113 umbras
933 3062 984 3113 ta>

135 3125 282 3195 Sufficiunt,
295 3143 444 3196 sepemque
456 3128 529 3195 satis,
543 3138 570 3179 et
582 3127 682 3198 pabula
692 3128 776 3181 melli.

94 3240 210 3287 aar-419.
227 3235 364 3284 Vinevards
375 3235 437 3284 need
447 3247 560 3284 constant
570 3238 690 3284 attention
700 3237 733 3284 all
743 3237 785 3284 the
794 3252 854 3297 year
862 3237 969 3287 rosod-

65 3297 179 3345 was.
193 3294 278 3343 Olives
289 3286 321 3343 do
331 3306 373 3342 not
384 3294 446 3343 need
457 3295 530 3343 much
541 3296 667 3343 attention.
676 3321 705 3332 -
713 3298 828 3344 sac-428.
840 3294 984 3346 Ncitberb

64 3354 369 3404 1ηἰιι1ῑεοε.-1·2Ήὸ3.
382 3353 436 3402 Nor
444 3353 475 3402 do
485 3354 555 3401 other
563 3365 637 3405 trees.
646 3353 736 3409 which,
745 3355 809 3403 from
818 3354 885 3404 their
892 3356 983 3417 my

64 3413 113 3465 and
123 3414 187 3462 their
197 3413 344 3465 usofrrlness.
357 3413 445 3464 should
456 3415 487 3462 be
498 3413 651 3471 extensirelv
661 3413 768 3472 planted.
