2086 3622
438 175 530 214 uraca
551 175 594 214 ru.
915 162 971 217 201

126 301 271 368 Frangeret
283 301 316 352 ad
331 318 433 369 saxum,
447 303 574 370 sanieque
587 317 714 370 exspersa
725 307 847 355 natarent
924 308 974 356 625

127 371 236 422 Limina
244 387 252 438 3
270 370 325 422 vidi
338 380 393 422 atro
406 389 468 423 cum
482 373 604 424 membra
616 371 726 423 fluentia
740 370 800 422 tabo

124 439 275 507 Manderet,
289 448 316 490 et
329 440 410 508 tepidi
424 449 568 492 tremerent
581 441 631 492 sub
643 440 768 491 dentibus
780 449 862 492 artus.

126 508 205 560 Haud
217 509 326 577 impune
338 509 450 576 quidem
457 527 464 576 3
483 527 534 561 nec
546 509 608 561 talia
620 526 716 577 passus
728 509 828 579 Ulixes,

127 577 265 629 Oblitusve
279 578 319 629 sui
332 585 373 629 est
385 577 493 630 Ithacus
505 579 659 629 discrimine
673 585 753 629 tante.

126 647 197 698 Nam
210 647 290 699 simul
304 647 427 714 expletus
438 648 552 715 dapibus
564 648 678 714 vinoque
691 647 813 715 sepultus
926 652 976 700 630

128 716 267 768 Cervicem
279 716 407 767 inflexam
420 717 515 783 posuit,
528 715 664 783 jacuitque
677 733 723 784 per
735 724 842 769 antrum

128 785 286 851 Immensae,
301 784 405 836 saniem
418 794 541 836 eructans
554 794 580 836 et
592 785 676 837 frusta
688 793 797 836 cruento

128 853 179 905 Per
192 871 317 905 somnum
329 854 473 905 commixta
485 870 566 921 mero,
580 871 634 919 nos,
650 870 748 920 magna
760 854 862 921 precati

128 923 247 974 Numina
259 922 396 990 sortitique
410 923 490 990 vices,
504 940 557 975 una
570 923 686 990 undique
699 923 800 975 circum

129 991 281 1057 Fundirnur,
296 1001 322 1043 et
335 992 387 1042 telo
400 992 489 1044 lumen
504 992 669 1044 terebramus
681 1000 767 1060 acuto,
928 997 978 1045 635

128 1060 234 1127 Ingens,
247 1060 315 1127 quod
330 1070 403 1112 torva
415 1062 500 1113 solum
514 1062 564 1113 sub
578 1062 662 1112 lronte
675 1061 783 1129 latebat,

130 1129 246 1194 Argolici
258 1129 336 1195 clipei
350 1139 395 1181 aut
408 1130 549 1182 Phoebeae
562 1130 695 1197 lampadis
708 1130 795 1199 instar,

130 1198 164 1248 Et
178 1197 287 1249 tandem
299 1197 363 1248 laeti
376 1200 506 1250 sociorum
520 1199 674 1250 ulciscimur
687 1199 804 1249 umbras.

130 1266 181 1318 Sed
195 1265 287 1334 sugite,
301 1282 316 1316 o
330 1266 429 1335 miseri,
443 1267 535 1337 sugite,
549 1276 629 1336 atque
642 1267 677 1318 ab
690 1266 764 1318 litore
781 1267 875 1319 funem

129 1336 263 1402 Rumpite.
930 1341 980 1391 640

130 1405 201 1456 Nam
214 1403 301 1472 qualis
312 1412 480 1473 quantusque
493 1421 558 1456 cavo
571 1404 755 1473 Polyphemus
767 1405 793 1456 in
806 1412 881 1457 antro

130 1473 275 1540 Lanigeras
287 1474 387 1529 claudit
399 1473 518 1542 pecudes
530 1482 611 1541 atque
624 1475 707 1526 ubera
718 1483 828 1543 pressat,

130 1543 245 1595 Centum
257 1543 303 1595 alii
315 1560 396 1596 curva
408 1544 476 1595 haec
488 1542 609 1596 habitant
621 1543 656 1596 ad
668 1544 743 1596 litora
755 1543 834 1612 vulgo

129 1611 233 1664 Infandi
247 1613 385 1683 Cyclopes,
399 1622 426 1665 et
437 1613 499 1665 altis
511 1613 646 1666 montibus
657 1621 753 1665 errant.

130 1681 219 1733 Tertia
229 1681 286 1749 jam
298 1684 390 1735 Lunae
403 1699 432 1735 se
445 1698 543 1735 cornua
554 1683 656 1735 lumine
668 1682 811 1753 complent,
930 1686 980 1736 645

130 1750 198 1802 Cum
210 1752 293 1804 vitam
306 1753 333 1804 in
345 1752 421 1805 silvis
433 1752 501 1805 inter
512 1751 619 1804 deserta
632 1753 748 1804 serarum

130 1819 226 1871 Lustra
238 1820 383 1890 domosque
397 1820 478 1890 traho,
492 1829 634 1889 vastosque
646 1821 681 1874 ab
694 1837 759 1888 rupe
772 1822 904 1891 Cyclopas

131 1888 273 1957 Prospicio,
287 1891 455 1958 sonitumque
468 1890 569 1959 pedum
581 1906 729 1957 vocemque
742 1891 875 1943 tremisco.

132 1957 238 2009 Victum
253 1957 396 2027 infelicem,
409 1959 509 2011 baccas
521 1958 693 2026 lapidosaque
706 1974 792 2026 coma,

132 2025 202 2077 Dant
215 2028 290 2093 rami,
302 2035 330 2079 et
342 2028 423 2079 volsis
434 2034 548 2095 pascunt
561 2028 694 2079 radicibus
705 2026 814 2079 herbae.
930 2032 980 2080 650

132 2094 227 2146 Omnia
238 2095 401 2165 collustrans,
415 2095 485 2148 hanc
498 2096 614 2164 primum
625 2096 659 2146 ad
672 2095 749 2147 litora
761 2096 877 2148 classem

130 2163 260 2232 Conspexi
272 2164 435 2217 venientem.
471 2165 539 2216 Huic
552 2180 604 2231 me,
618 2182 805 2233 quaecumque
817 2164 919 2235 suisset,

131 2232 244 2284 Addixi:
264 2234 328 2285 satis
340 2242 381 2285 est
392 2242 500 2303 gentem
514 2233 640 2299 effugisse
654 2234 806 2286 nefandum.

131 2302 185 2353 Vos
196 2302 314 2355 animam
327 2302 397 2355 banc
408 2303 497 2372 potius
508 2319 677 2370 quocumque
689 2303 821 2355 absumite
834 2303 915 2355 latest

167 2371 232 2423 ‘vix
244 2378 278 2423 'ea
289 2372 361 2425 latus
372 2382 436 2441 erat,
450 2389 556 2425 summo
568 2390 631 2424 cnm
644 2382 734 2424 monte
747 2372 871 2425 videmus
929 2378 979 2425 655

131 2438 222 2507 Ipsum
235 2442 303 2493 inter
315 2442 433 2510 pecudes
444 2450 518 2493 vasta
531 2458 560 2492 se
573 2441 643 2493 mole
656 2450 811 2494 moventem

131 2509 267 2563 Pastorem
281 2510 476 2580 Polyphemum
485 2520 516 2563 'et
529 2511 604 2563 litora
616 2520 678 2562 nota
694 2520 840 2580 petentem,

131 2578 283 2633 Monstrum
318 2580 487 2650 horrendum,
520 2580 641 2649 informe,
674 2580 775 2651 ingens,
807 2581 852 2633 cui
886 2580 987 2635 lumen.

198 2648 366 2719 ademptum.

70 2762 142 2807 .63·l.
160 2760 248 2807 Sertitr
263 2778 333 2817 arces,
350 2777 376 2809 m
392 2763 442 2809 thrs
461 2762 569 2820 perilous
588 2761 731 2816 adventure,
750 2761 792 2807 the
811 2761 933 2809 sollowers
949 2762 978 2810 of

60 2816 166 2878 Ulysscs
177 2818 267 2867 settled
278 2822 310 2880 by
321 2820 355 2868 lot
363 2820 443 2867 which
454 2830 506 2879 part
516 2819 575 2867 each
585 2820 673 2866 should
680 2823 823 2866 act-635.
841 2819 896 2867 The
908 2823 981 2869 telana

59 2892 120 2933 was,
133 2878 262 2938 according
278 2888 303 2925 to
319 2879 421 2935 Homer,
430 2882 450 2925 'a
460 2889 511 2926 trae
527 2878 626 2937 pointed
643 2877 689 2924 and
705 2878 828 2925 hardened
839 2878 864 2926 in
875 2879 916 2927 the
927 2878 979 2929 lire.

59 2934 183 3043 &amaran
207 2936 254 2983 See
274 2937 297 2983 ii.
319 2940 466 2986 lra-esr.
489 2936 544 2983 The
565 2938 654 2996 clipeus
671 2936 800 2997 Argolicas
822 2954 873 2986 was
894 2938 979 2987 round.

82 3010 191 3055 carpere,
206 2994 266 3043 with
277 2996 326 3043 this
337 3012 450 3056 passage,
463 2996 511 3043 and
522 2996 582 3042 with
593 2998 638 3041 645
650 3002 746 3048 (corace
761 3000 892 3058 compleat),
908 2998 979 3046 ‘The

57 3068 132 3103 moon
142 3054 195 3103 that
206 3069 260 3102 rose
272 3056 317 3103 last
328 3055 405 3115 night,
419 3053 495 3102 round
507 3071 533 3102 as
545 3071 586 3114 my
597 3054 684 3110 shicld‚
698 3055 745 3101 lrud
756 3066 797 3102 not
809 3067 850 3115 yet
859 3056 925 3104 filled
936 3058 981 3107 her

57 3112 287 3162 horus.'-Hame's
298 3114 511 3175 Herpha—639.
530 3113 585 3161 The
601 3112 699 3161 elisione
716 3114 762 3160 and
779 3114 932 3163 hexameters
949 3115 977 3163 of

57 3170 108 3221 tlris
116 3172 165 3221 line
175 3173 246 3221 rr'rark
257 3173 298 3221 the
309 3174 455 3232 irnpatienee
466 3173 494 3220 os
501 3173 604 3232 despair.
612 3176 697 3219 -613,
720 3169 807 3234 Vulgo,
821 3174 978 3232 everywhere

57 3230 253 3280 mund-645.
274 3232 364 3288 Tertia,
379 3233 427 3280 &a
460 3233 542 3279 Three
554 3233 652 3280 months
668 3232 716 3279 had
727 3232 833 3290 elapsed.
866 3234 912 3280 See
924 3236 978 3281 637.

55 3292 149 3339 -ὲθ48,
169 3290 285 3339 Phasiaco
295 3293 426 3352 poetieally
437 3308 541 3352 gaveras
553 3292 595 3339 the
607 3295 753 3339 accusative.
786 3293 832 3338 See
844 3292 877 3338 xi.
888 3294 940 3338 403.
948 3318 980 3331 -

56 3352 113 3397 654.
128 3348 226 3407 Patiar,
238 3352 263 3399 iu
274 3352 412 3411 preference
423 3363 448 3398 to
460 3352 501 3399 the
512 3351 592 3399 horrid
604 3351 652 3399 sate
664 3350 716 3396 that
725 3350 828 3397 awaited
839 3350 889 3398 him
901 3350 924 3397 in
936 3350 978 3399 the

57 3406 137 3457 hands
146 3408 176 3457 oi
187 3408 362 3471 Polyphemus.
370 3414 460 3459 -650,
478 3410 541 3459 This
552 3411 610 3466 linc,
623 3409 684 3456 with
696 3409 728 3456 its
739 3408 859 3467 spondeas
875 3409 923 3459 and
933 3410 977 3459 eli·

56 3466 135 3526 sicus,
144 3468 235 3529 visibly
245 3480 383 3531 represents
394 3471 436 3519 tlrc
447 3471 560 3531 crashing
571 3476 710 3518 movement
721 3467 749 3515 oi
761 3468 802 3515 the
813 3468 888 3528 giant.
