2086 3622
428 162 520 202 ursan
540 161 603 201 vrrr.
919 149 975 204 ³21

130 288 190 347 Quo
202 295 228 341 te
240 305 357 359 cumque
369 288 451 358 lacus,
465 288 637 342 miserantem
649 288 820 341 incommoda
830 297 926 360 nostra,

132 357 216 410 Fonte
230 367 310 427 terret,
324 375 493 428 quocumque
506 358 560 410 solo
573 355 769 426 pulcherrimus
781 357 846 427 exis,
943 363 976 413 7⁵

132 428 243 495 Semper
254 427 351 480 honore
363 445 432 495 meo,
446 444 552 496 semper
564 425 734 479 celebrabere
746 426 830 494 donis,

132 496 257 563 Corniger
270 497 447 566 Hesperidum
460 497 571 549 Fluvius
584 504 704 562 regnator
715 512 854 562 aquarum.

131 564 211 617 Adsis
223 582 238 617 o
252 574 361 634 tantum,
375 575 401 618 et
414 566 520 634 propius
532 574 578 617 tua
590 565 699 616 nurnina
713 565 821 616 firmes'

131 633 173 685 Sic
184 645 322 703 memorat,
336 636 511 702 geminasque
525 633 589 701 legit
601 633 635 684 de
648 634 733 685 classe
747 633 864 703 biremis,

131 703 307 771 Remigioque
319 713 407 771 aptat3
427 704 511 755 socios
524 702 603 754 simul
616 703 720 754 instruit
731 703 822 756 armis.
943 708 976 756 80

165 773 237 823 Ecce
249 784 340 823 eutem
352 772 470 824 subitum
482 783 562 840 atque
574 770 658 824 oculis
670 771 791 824 mirabile
802 781 958 842 monstrum,

131 840 250 892 Candida
263 857 310 908 per
322 840 415 893 silvam
429 857 492 892 oum
504 841 560 893 letu
573 840 693 892 concolor
704 840 764 893 albo

131 909 275 961 Procubuit
287 909 417 976 viridique
430 910 456 961 in
469 910 545 962 litore
556 909 717 978 conspicitur
728 925 789 962 sus:

131 978 219 1034 Quam
231 979 291 1046 pius
303 980 412 1030 Aeneas
424 979 470 1031 tibi
484 979 565 1048 enim,
580 980 634 1047 tibi,
648 978 767 1031 maxima
778 979 855 1047 Juno,

131 1047 242 1113 Mactat,
256 1064 330 1098 sacra
343 1047 439 1117 serens,
453 1058 554 1101 etcum
567 1065 648 1116 grege
662 1048 730 1100 sistit
742 1048 776 1100 ad
789 1064 872 1101 aram.
943 1052 976 1101 85

131 1114 248 1182 Thybris
260 1133 292 1167 ea
304 1116 425 1183 fluvium,
439 1135 520 1186 quam
533 1118 671 1184 longeest,
685 1126 761 1169 nocte
775 1123 925 1170 tumentem

131 1184 225 1252 Leniit‚
240 1193 266 1236 et
279 1186 360 1236 tacita
372 1187 488 1237 refluens
500 1188 536 1238 ita
549 1186 666 1238 substitit
677 1185 757 1252 unda,

130 1252 207 1305 Mitis
220 1261 247 1304 ut
260 1253 286 1304 in
299 1270 400 1305 morem
413 1256 498 1322 stagni
512 1254 686 1323 placidaeque
698 1253 805 1321 paludis

131 1321 262 1373 Sterneret
275 1339 374 1390 aequor
385 1324 469 1391 aquis,
484 1340 556 1375 remo
569 1330 597 1374 ut
610 1323 744 1374 luctamen
757 1323 872 1375 abesset.

132 1391 201 1456 Ergo
214 1391 263 1442 iter
274 1391 411 1459 inceptum
423 1393 540 1444 celerant
553 1408 656 1444 rumore
670 1391 796 1443 secundo.
943 1399 976 1447 90

131 1459 240 1511 Labitur
251 1469 330 1512 uncta
341 1460 418 1513 vadis
428 1460 505 1513 abies
512 1477 519 1529 3
538 1462 665 1514 mirantur
677 1470 703 1511 et
716 1460 811 1527 undae,

130 1528 242 1580 Miratur
254 1546 350 1581 nemus
361 1529 494 1583 insuetum
507 1530 637 1598 fulgentia
650 1530 727 1596 longe

130 1596 210 1650 Scuta
222 1597 308 1651 virum
321 1599 407 1667 fluvio,
422 1600 561 1668 yu'ctasque
574 1601 665 1651 innare
678 1599 790 1651 carinas.

131 1666 182 1718 Olli
195 1667 304 1736 remigio
315 1677 476 1737 noctemque
488 1669 615 1737 diemque
629 1667 747 1736 fatigant,

130 1736 165 1788 Et
177 1736 268 1804 longos
280 1747 405 1815 superant
417 1739 510 1808 flexus,
524 1739 656 1806 variisque
670 1745 794 1804 teguntur
824 1786 825 1790 ,
943 1743 975 1791 95

129 1803 281 1874 Arboribus,
294 1807 437 1875 viridisque
450 1816 541 1859 secant
554 1807 657 1875 placido
668 1823 783 1874 aequore
796 1805 886 1860 silvas.

130 1873 306 1926 Solymedium
318 1875 385 1926 coeli
397 1876 586 1928 conscenderat
599 1876 691 1943 igneus
704 1875 803 1944 orbern,

130 1943 196 1994 Cum
211 1958 299 1994 muros
311 1959 454 2012 arcemque
468 1944 556 2012 procul
569 1961 601 1996 ac
613 1961 670 1995 rara
681 1943 821 1996 domorum

130 2012 215 2063 Tecta
226 2011 333 2079 vident5
353 2029 422 2080 quae
434 2030 505 2065 nunc
517 2014 636 2065 Romana
647 2012 766 2080 potentia
778 2012 852 2064 coelo

130 2081 264 2149 Aequavit
271 2097 279 2147 3
297 2089 355 2133 tum
367 2097 409 2133 res
421 2081 513 2150 inopes
526 2081 664 2134 Evandrus
677 2080 802 2133 habebat.
927 2085 975 2135 100

130 2149 210 2202 Ooius
221 2149 362 2202 advertunt
373 2166 469 2218 proras,
485 2148 594 2218 urbique
607 2151 790 2218 propinquant.
866 2152 869 2157 ’

165 2217 240 2269 Forte
253 2218 298 2270 die
311 2218 470 2271 sollemnem
483 2219 526 2270 illo
540 2237 584 2271 rex
597 2224 681 2271 Arcas
694 2219 820 2272 honorem

130 2287 383 2356 Amphitryoniadae
395 2305 493 2357 magno
505 2287 627 2356 divisque
643 2288 743 2341 serebat

130 2358 201 2407 Ante
215 2355 307 2409 urbem
321 2358 346 2409 in
360 2356 428 2409 luco.
466 2358 554 2409 Pallas
566 2357 628 2409 huic
640 2358 710 2410 iilius
723 2373 783 2426 una,

129 2423 295 2479 Una'omnes
304 2425 435 2495 juvenum
447 2427 523 2495 primi
537 2444 690 2495 pauperque
702 2435 812 2479 senatus
927 2429 974 2479 105

74 2540 77 2545 .
129 2495 200 2547 Tura
211 2494 311 2549 dabant
330 2495 488 2565 tepidusque
501 2513 576 2548 cruor
588 2496 709 2549 fumabat
721 2496 755 2549 ad
767 2512 835 2548 aras.

129 2563 164 2615 Ut
178 2563 264 2617 celsas
276 2535 367 2620 videre
379 2575 457 2633 rates,
470 2575 550 2635 atque
562 2567 629 2618 inter
641 2581 756 2634 opacum

26 2670 45 2683 .
60 2697 68 2707 .
128 2632 218 2684 Allabi
229 2650 334 2703 nemus,
347 2643 374 2686 et
387 2635 474 2687 tacitis
486 2634 640 2688 incumbere
654 2634 741 2703 remis,

128 2701 272 2752 Terrentur
284 2703 342 2754 visu
354 2703 450 2772 subito,
463 2704 604 2770 cunctique
617 2703 715 2754 relictis

39 2812 42 2819 .
127 2770 292 2837 Consurgunt
303 2772 414 2839 mensis.
449 2772 545 2824 Audax
557 2787 623 2839 quos
636 2786 758 2838 rumpere
771 2768 861 2822 Pallas
926 2775 976 2825 110

89 2912 127 2957 77.
147 2908 221 2957 Coro'
237 2926 269 2957 er.
301 2909 349 2957 See
369 2918 394 2957 at
412 2910 497 2971 Georp.
514 2911 546 2958 iv.
563 2913 615 2959 371.
647 2909 813 2970 Hesperidum.
845 2910 892 2959 See
913 2921 938 2960 et
958 2913 975 2961 i.

62 2971 194 3016 530-83.
239 2969 298 3016 irriii
307 2970 459 3029 conspicitur,
472 2971 513 3017 the
524 2968 596 3016 effect
608 2967 636 3016 of
642 2969 683 3016 the
695 2979 801 3016 contrast
813 2969 841 3018 os
847 2971 976 3020 colone-

59 3030 97 3076 ⁸4.
113 3026 187 3075 Enim
198 3026 242 3075 has
253 3027 294 3075 the
306 3027 369 3075 soree
381 3027 408 3075 of
415 3029 505 3086 utique.
513 3031 589 3074 -86.
610 3026 694 3087 Quam,
706 3028 754 3076 &c
787 3029 833 3076 See
845 3040 869 3078 at
881 3030 912 3078 iv.
923 3033 974 3079 193.

58 3113 89 3130 ..
97 3088 134 3137 87.
152 3085 273 3148 uetiam.
305 3087 441 3147 Retuming
453 3097 478 3134 to
489 3087 520 3134 its
532 3102 626 3142 source,
640 3087 670 3135 its
683 3087 799 3135 noiseless
810 3105 876 3137 mass
887 3089 975 3138 ceased

40 3166 50 3177 ··
59 3154 85 3194 to
94 3146 239 3195 {lom-90.
256 3145 367 3198 Runwre,
380 3146 421 3193 the
433 3146 518 3194 shouts
530 3145 558 3194 of
570 3146 610 3192 the
627 3162 726 3203 rewers,
739 3162 766 3194 or
776 3148 817 3194 the
829 3148 911 3206 gentle
927 3148 974 3206 rip-

75 3204 165 3267 liugos
175 3204 217 3252 the
229 3220 318 3252 naves.
350 3205 465 3253 Secundo.
498 3204 778 3254 Seeatvii.495.-9⁴l.
801 3206 859 3254 Olli.
891 3207 974 3254 Seeot

58 3218 222 3315 iasa-98.
238 3263 327 3312 Proctil
342 3264 427 3324 bytho
444 3265 608 3313 arsis-103.
624 3265 857 3327 Amphitryoniadae.
870 3281 884 3312 a
895 3275 973 3324 patro-

120 3323 126 3335 ’
156 3322 325 3383 olHerculcs,
337 3323 400 3371 from
415 3323 457 3372 the
473 3323 584 3374 husband
599 3323 627 3371 ol
639 3324 677 3372 his
693 3324 794 3381 mother¹
810 3323 974 3372 Alcmona...

72 3446 75 3453 .
125 3380 305 3440 Mor-entim
321 3382 482 3434 Pallia-adis.
517 3383 572 3433 Uria
583 3385 643 3440 loir,
657 3384 784 3444 opoetica,
800 3383 973 3434 construction.
