<?xml version="1.0" encoding="UTF-8"?>
<!DOCTYPE html PUBLIC "-//W3C//DTD XHTML 1.0 Transitional//EN"
    "http://www.w3.org/TR/xhtml1/DTD/xhtml1-transitional.dtd">
<html xmlns="http://www.w3.org/1999/xhtml" xml:lang="en" lang="en">
 <head>
  <title>
</title>
<meta http-equiv="Content-Type" content="text/html;charset=utf-8" />
  <meta name='ocr-system' content='tesseract 3.04.00' />
  <meta name='ocr-capabilities' content='ocr_page ocr_carea ocr_par ocr_line ocrx_word'/>
</head>
<body>
  <div class='ocr_page' id='page_1' title='image "./carmina00virggoog_0083.png"; bbox 0 0 2078 3622; ppageno 0'>
   <div class='ocr_carea' id='block_1_1' title="bbox 449 135 595 176">
    <p class='ocr_par' dir='ltr' id='par_1_1' title="bbox 449 135 595 176">
     <span class='ocr_line' id='line_1_1' title="bbox 449 135 595 176; baseline 0 -1"><span class='ocrx_word' id='word_1_1' title='bbox 449 135 543 176; x_wconf 70' lang='lat' dir='ltr'>LIBER</span> <span class='ocrx_word' id='word_1_2' title='bbox 562 136 595 176; x_wconf 88' lang='lat'>11.</span> 
     </span>
    </p>
   </div>
   <div class='ocr_carea' id='block_1_2' title="bbox 121 263 981 2989">
    <p class='ocr_par' dir='ltr' id='par_1_2' title="bbox 125 263 879 404">
     <span class='ocr_line' id='line_1_2' title="bbox 125 263 879 334; baseline -0.004 -12"><span class='ocrx_word' id='word_1_3' title='bbox 125 266 233 322; x_wconf 80' lang='lat' dir='ltr'>Scilicet</span> <span class='ocrx_word' id='word_1_4' title='bbox 244 264 370 319; x_wconf 91' lang='lat' dir='ltr'>omuibus</span> <span class='ocrx_word' id='word_1_5' title='bbox 382 272 424 317; x_wconf 89' lang='lat' dir='ltr'>est</span> <span class='ocrx_word' id='word_1_6' title='bbox 436 263 512 318; x_wconf 92' lang='lat' dir='ltr'>labor</span> <span class='ocrx_word' id='word_1_7' title='bbox 523 263 730 334; x_wconf 86' lang='lat' dir='ltr'>impendendus,</span> <span class='ocrx_word' id='word_1_8' title='bbox 743 271 771 317; x_wconf 89' lang='lat' dir='ltr'>et</span> <span class='ocrx_word' id='word_1_9' title='bbox 783 281 879 319; x_wconf 89' lang='lat' dir='ltr'>omues</span> 
     </span>
     <span class='ocr_line' id='line_1_3' title="bbox 125 334 879 404; baseline -0.004 -12"><span class='ocrx_word' id='word_1_10' title='bbox 125 336 269 404; x_wconf 77' lang='lat' dir='ltr'>Cogendae</span> <span class='ocrx_word' id='word_1_11' title='bbox 280 336 307 387; x_wconf 92' lang='lat' dir='ltr'>in</span> <span class='ocrx_word' id='word_1_12' title='bbox 320 335 425 388; x_wconf 90' lang='lat' dir='ltr'>sulcum</span> <span class='ocrx_word' id='word_1_13' title='bbox 437 351 471 387; x_wconf 89' lang='lat' dir='ltr'>ac</span> <span class='ocrx_word' id='word_1_14' title='bbox 482 334 569 387; x_wconf 89' lang='lat' dir='ltr'>multa</span> <span class='ocrx_word' id='word_1_15' title='bbox 582 334 707 388; x_wconf 81' lang='lat' dir='ltr'><strong>mercede</strong></span> <span class='ocrx_word' id='word_1_16' title='bbox 719 334 879 389; x_wconf 78' lang='lat' dir='ltr'>domandae.</span> 
     </span>
    </p>

    <p class='ocr_par' dir='ltr' id='par_1_3' title="bbox 126 405 981 822">
     <span class='ocr_line' id='line_1_4' title="bbox 160 405 773 476; baseline -0.003 -16"><span class='ocrx_word' id='word_1_17' title='bbox 160 406 213 460; x_wconf 89' lang='lat' dir='ltr'>Sed</span> <span class='ocrx_word' id='word_1_18' title='bbox 226 405 326 457; x_wconf 87' lang='lat' dir='ltr'>truncis</span> <span class='ocrx_word' id='word_1_19' title='bbox 337 405 414 457; x_wconf 89' lang='lat' dir='ltr'>oleae</span> <span class='ocrx_word' id='word_1_20' title='bbox 426 405 532 476; x_wconf 90' lang='lat' dir='ltr'>melius,</span> <span class='ocrx_word' id='word_1_21' title='bbox 546 405 690 475; x_wconf 77' lang='lat' dir='ltr'>propagine</span> <span class='ocrx_word' id='word_1_22' title='bbox 703 405 773 458; x_wconf 90' lang='lat' dir='ltr'>vites</span> 
     </span>
     <span class='ocr_line' id='line_1_5' title="bbox 126 474 812 546; baseline -0.004 -17"><span class='ocrx_word' id='word_1_23' title='bbox 126 475 304 546; x_wconf 81' lang='lat' dir='ltr'>Respondent,</span> <span class='ocrx_word' id='word_1_24' title='bbox 318 474 403 527; x_wconf 85' lang='lat' dir='ltr'>solido</span> <span class='ocrx_word' id='word_1_25' title='bbox 416 475 535 544; x_wconf 84' lang='lat' dir='ltr'>Paphiae</span> <span class='ocrx_word' id='word_1_26' title='bbox 547 476 582 527; x_wconf 92' lang='lat' dir='ltr'>de</span> <span class='ocrx_word' id='word_1_27' title='bbox 595 477 687 528; x_wconf 84' lang='lat' dir='ltr'>robore</span> <span class='ocrx_word' id='word_1_28' title='bbox 699 483 812 545; x_wconf 82' lang='lat' dir='ltr'>myrtus.</span> 
     </span>
     <span class='ocr_line' id='line_1_6' title="bbox 126 544 981 615; baseline 0 -16"><span class='ocrx_word' id='word_1_29' title='bbox 126 545 228 600; x_wconf 89' lang='lat' dir='ltr'>Plautis</span> <span class='ocrx_word' id='word_1_30' title='bbox 239 553 267 596; x_wconf 87' lang='lat' dir='ltr'>at</span> <span class='ocrx_word' id='word_1_31' title='bbox 279 544 362 596; x_wconf 89' lang='lat' dir='ltr'>durae</span> <span class='ocrx_word' id='word_1_32' title='bbox 374 545 457 614; x_wconf 88' lang='lat' dir='ltr'>coryli</span> <span class='ocrx_word' id='word_1_33' title='bbox 470 553 623 615; x_wconf 89' lang='lat' dir='ltr'>nascuntur,</span> <span class='ocrx_word' id='word_1_34' title='bbox 637 552 665 598; x_wconf 92' lang='lat' dir='ltr'>et</span> <span class='ocrx_word' id='word_1_35' title='bbox 677 545 772 613; x_wconf 89' lang='lat' dir='ltr'>ingens</span> <span class='ocrx_word' id='word_1_36' title='bbox 947 550 981 599; x_wconf 75' lang='grc'>65</span> 
     </span>
     <span class='ocr_line' id='line_1_7' title="bbox 126 613 846 684; baseline -0.003 -14"><span class='ocrx_word' id='word_1_37' title='bbox 126 615 264 683; x_wconf 76' lang='lat' dir='ltr'>Fraxinus,</span> <span class='ocrx_word' id='word_1_38' title='bbox 277 613 483 683; x_wconf 78' lang='lat' dir='ltr'>Herculeaeque</span> <span class='ocrx_word' id='word_1_39' title='bbox 496 615 575 668; x_wconf 87' lang='lat' dir='ltr'>arbos</span> <span class='ocrx_word' id='word_1_40' title='bbox 586 615 713 668; x_wconf 89' lang='lat' dir='ltr'>umbrosa</span> <span class='ocrx_word' id='word_1_41' title='bbox 724 631 846 684; x_wconf 90' lang='lat' dir='ltr'>coronae,</span> 
     </span>
     <span class='ocr_line' id='line_1_8' title="bbox 126 683 827 755; baseline -0.004 -15"><span class='ocrx_word' id='word_1_42' title='bbox 126 685 292 753; x_wconf 85' lang='lat' dir='ltr'>Chaoniique</span> <span class='ocrx_word' id='word_1_43' title='bbox 303 685 386 754; x_wconf 89' lang='lat' dir='ltr'>patris</span> <span class='ocrx_word' id='word_1_44' title='bbox 397 683 510 752; x_wconf 83' lang='lat' dir='ltr'>glandes</span> <span class='ocrx_word' id='word_1_45' title='bbox 517 702 525 752; x_wconf 99' lang='lat'>3</span> <span class='ocrx_word' id='word_1_46' title='bbox 544 684 628 737; x_wconf 90' lang='lat' dir='ltr'>etiam</span> <span class='ocrx_word' id='word_1_47' title='bbox 639 685 724 738; x_wconf 86' lang='lat' dir='ltr'>ardua</span> <span class='ocrx_word' id='word_1_48' title='bbox 735 685 827 755; x_wconf 89' lang='lat' dir='ltr'>palma</span> 
     </span>
     <span class='ocr_line' id='line_1_9' title="bbox 126 752 717 822; baseline -0.007 -11"><span class='ocrx_word' id='word_1_49' title='bbox 126 755 258 822; x_wconf 81' lang='lat' dir='ltr'>Nascitur,</span> <span class='ocrx_word' id='word_1_50' title='bbox 272 762 299 806; x_wconf 89' lang='lat' dir='ltr'>et</span> <span class='ocrx_word' id='word_1_51' title='bbox 312 770 392 807; x_wconf 88' lang='lat' dir='ltr'>casus</span> <span class='ocrx_word' id='word_1_52' title='bbox 403 752 479 806; x_wconf 87' lang='lat' dir='ltr'>abies</span> <span class='ocrx_word' id='word_1_53' title='bbox 490 753 579 806; x_wconf 88' lang='lat' dir='ltr'>visura</span> <span class='ocrx_word' id='word_1_54' title='bbox 591 754 717 807; x_wconf 89' lang='lat' dir='ltr'>marinos.</span> 
     </span>
    </p>

    <p class='ocr_par' dir='ltr' id='par_1_4' title="bbox 126 823 981 1103">
     <span class='ocr_line' id='line_1_10' title="bbox 160 823 815 895; baseline 0 -17"><span class='ocrx_word' id='word_1_55' title='bbox 160 825 288 879; x_wconf 86' lang='lat' dir='ltr'>Inseritur</span> <span class='ocrx_word' id='word_1_56' title='bbox 300 840 363 876; x_wconf 88' lang='lat' dir='ltr'>vero</span> <span class='ocrx_word' id='word_1_57' title='bbox 375 831 402 875; x_wconf 92' lang='lat' dir='ltr'>et</span> <span class='ocrx_word' id='word_1_58' title='bbox 414 824 492 876; x_wconf 91' lang='lat' dir='ltr'>nucis</span> <span class='ocrx_word' id='word_1_59' title='bbox 503 823 615 876; x_wconf 91' lang='lat' dir='ltr'>arbutus</span> <span class='ocrx_word' id='word_1_60' title='bbox 627 823 731 876; x_wconf 91' lang='lat' dir='ltr'>horrida</span> <span class='ocrx_word' id='word_1_61' title='bbox 742 823 815 895; x_wconf 85' lang='lat' dir='ltr'>fetu3</span> 
     </span>
     <span class='ocr_line' id='line_1_11' title="bbox 126 892 981 963; baseline -0.005 -13"><span class='ocrx_word' id='word_1_62' title='bbox 126 897 160 950; x_wconf 89' lang='lat' dir='ltr'>Et</span> <span class='ocrx_word' id='word_1_63' title='bbox 174 894 278 947; x_wconf 89' lang='lat' dir='ltr'>steriles</span> <span class='ocrx_word' id='word_1_64' title='bbox 289 893 391 963; x_wconf 85' lang='lat' dir='ltr'>platani</span> <span class='ocrx_word' id='word_1_65' title='bbox 404 893 490 946; x_wconf 89' lang='lat' dir='ltr'>malos</span> <span class='ocrx_word' id='word_1_66' title='bbox 501 908 610 961; x_wconf 78' lang='lat' dir='ltr'>gessere</span> <span class='ocrx_word' id='word_1_67' title='bbox 623 892 737 946; x_wconf 89' lang='lat' dir='ltr'>valentis</span> <span class='ocrx_word' id='word_1_68' title='bbox 744 909 752 963; x_wconf 92' lang='lat'>3</span> <span class='ocrx_word' id='word_1_69' title='bbox 832 899 835 906; x_wconf 89' lang='lat'>&#39;</span> <span class='ocrx_word' id='word_1_70' title='bbox 946 898 981 951; x_wconf 82' lang='grc'>70</span> 
     </span>
     <span class='ocr_line' id='line_1_12' title="bbox 126 962 725 1032; baseline -0.003 -15"><span class='ocrx_word' id='word_1_71' title='bbox 126 967 274 1018; x_wconf 82' lang='lat' dir='ltr'>Castaneas</span> <span class='ocrx_word' id='word_1_72' title='bbox 287 963 373 1031; x_wconf 87' lang='lat' dir='ltr'>fagus,</span> <span class='ocrx_word' id='word_1_73' title='bbox 386 978 520 1032; x_wconf 90' lang='lat' dir='ltr'>ornusque</span> <span class='ocrx_word' id='word_1_74' title='bbox 533 962 652 1014; x_wconf 78' lang='lat' dir='ltr'>incanuit</span> <span class='ocrx_word' id='word_1_75' title='bbox 663 962 725 1016; x_wconf 88' lang='lat' dir='ltr'>albo</span> 
     </span>
     <span class='ocr_line' id='line_1_13' title="bbox 127 1031 828 1103; baseline -0.003 -15"><span class='ocrx_word' id='word_1_76' title='bbox 127 1035 203 1088; x_wconf 88' lang='lat' dir='ltr'>Flore</span> <span class='ocrx_word' id='word_1_77' title='bbox 217 1034 273 1103; x_wconf 91' lang='lat' dir='ltr'>piri,</span> <span class='ocrx_word' id='word_1_78' title='bbox 287 1032 470 1101; x_wconf 87' lang='lat' dir='ltr'>glandemque</span> <span class='ocrx_word' id='word_1_79' title='bbox 482 1048 546 1085; x_wconf 89' lang='lat' dir='ltr'>sues</span> <span class='ocrx_word' id='word_1_80' title='bbox 557 1031 661 1100; x_wconf 87' lang='lat' dir='ltr'>fregere</span> <span class='ocrx_word' id='word_1_81' title='bbox 674 1033 725 1086; x_wconf 91' lang='lat' dir='ltr'>sub</span> <span class='ocrx_word' id='word_1_82' title='bbox 738 1032 828 1087; x_wconf 88' lang='lat' dir='ltr'>ulmis.</span> 
     </span>
    </p>

    <p class='ocr_par' dir='ltr' id='par_1_5' title="bbox 125 1101 980 1802">
     <span class='ocr_line' id='line_1_14' title="bbox 159 1101 944 1174; baseline 0.003 -18"><span class='ocrx_word' id='word_1_83' title='bbox 159 1105 185 1157; x_wconf 93' lang='lat' dir='ltr'>N</span> <span class='ocrx_word' id='word_1_84' title='bbox 187 1121 218 1156; x_wconf 89' lang='lat' dir='ltr'>ec</span> <span class='ocrx_word' id='word_1_85' title='bbox 230 1103 328 1156; x_wconf 90' lang='lat' dir='ltr'>modus</span> <span class='ocrx_word' id='word_1_86' title='bbox 340 1103 457 1155; x_wconf 87' lang='lat' dir='ltr'>inserere</span> <span class='ocrx_word' id='word_1_87' title='bbox 469 1111 552 1171; x_wconf 90' lang='lat' dir='ltr'>atque</span> <span class='ocrx_word' id='word_1_88' title='bbox 563 1101 656 1155; x_wconf 88' lang='lat' dir='ltr'>oculos</span> <span class='ocrx_word' id='word_1_89' title='bbox 668 1103 805 1172; x_wconf 88' lang='lat' dir='ltr'>imponere</span> <span class='ocrx_word' id='word_1_90' title='bbox 817 1103 944 1174; x_wconf 80' lang='lat' dir='ltr'>simplex.</span> 
     </span>
     <span class='ocr_line' id='line_1_15' title="bbox 126 1171 843 1244; baseline -0.001 -17"><span class='ocrx_word' id='word_1_91' title='bbox 126 1175 204 1243; x_wconf 86' lang='lat' dir='ltr'>Nam,</span> <span class='ocrx_word' id='word_1_92' title='bbox 218 1190 271 1242; x_wconf 90' lang='lat' dir='ltr'>qua</span> <span class='ocrx_word' id='word_1_93' title='bbox 284 1189 314 1225; x_wconf 89' lang='lat' dir='ltr'>se</span> <span class='ocrx_word' id='word_1_94' title='bbox 327 1172 417 1226; x_wconf 87' lang='lat' dir='ltr'>medio</span> <span class='ocrx_word' id='word_1_95' title='bbox 430 1171 539 1225; x_wconf 91' lang='lat' dir='ltr'>trudunt</span> <span class='ocrx_word' id='word_1_96' title='bbox 551 1171 587 1224; x_wconf 90' lang='lat' dir='ltr'>de</span> <span class='ocrx_word' id='word_1_97' title='bbox 599 1173 696 1225; x_wconf 89' lang='lat' dir='ltr'>cortice</span> <span class='ocrx_word' id='word_1_98' title='bbox 708 1189 843 1244; x_wconf 89' lang='lat' dir='ltr'>gemmae,</span> 
     </span>
     <span class='ocr_line' id='line_1_16' title="bbox 127 1242 979 1312; baseline 0.001 -16"><span class='ocrx_word' id='word_1_99' title='bbox 127 1245 160 1296; x_wconf 89' lang='lat' dir='ltr'>Et</span> <span class='ocrx_word' id='word_1_100' title='bbox 173 1243 261 1297; x_wconf 88' lang='lat' dir='ltr'>tenuis</span> <span class='ocrx_word' id='word_1_101' title='bbox 273 1250 399 1312; x_wconf 90' lang='lat' dir='ltr'>rumpunt</span> <span class='ocrx_word' id='word_1_102' title='bbox 412 1242 523 1311; x_wconf 87' lang='lat' dir='ltr'>tunicas,</span> <span class='ocrx_word' id='word_1_103' title='bbox 536 1249 667 1310; x_wconf 86' lang='lat' dir='ltr'>angustus</span> <span class='ocrx_word' id='word_1_104' title='bbox 679 1242 705 1295; x_wconf 94' lang='lat' dir='ltr'>in</span> <span class='ocrx_word' id='word_1_105' title='bbox 719 1243 777 1312; x_wconf 89' lang='lat' dir='ltr'>ipso</span> <span class='ocrx_word' id='word_1_106' title='bbox 945 1248 979 1297; x_wconf 81' lang='lat'>75</span> 
     </span>
     <span class='ocr_line' id='line_1_17' title="bbox 126 1310 799 1381; baseline 0 -15"><span class='ocrx_word' id='word_1_107' title='bbox 126 1312 167 1366; x_wconf 87' lang='lat' dir='ltr'>Fit</span> <span class='ocrx_word' id='word_1_108' title='bbox 180 1313 248 1366; x_wconf 90' lang='lat' dir='ltr'>nodo</span> <span class='ocrx_word' id='word_1_109' title='bbox 262 1313 336 1365; x_wconf 90' lang='lat' dir='ltr'>sinus</span> <span class='ocrx_word' id='word_1_110' title='bbox 343 1329 351 1381; x_wconf 87' lang='lat'>3</span> <span class='ocrx_word' id='word_1_111' title='bbox 370 1311 424 1365; x_wconf 93' lang='lat' dir='ltr'>huc</span> <span class='ocrx_word' id='word_1_112' title='bbox 435 1311 525 1364; x_wconf 88' lang='lat' dir='ltr'>aliena</span> <span class='ocrx_word' id='word_1_113' title='bbox 536 1328 572 1364; x_wconf 83' lang='lat' dir='ltr'>ex</span> <span class='ocrx_word' id='word_1_114' title='bbox 582 1310 675 1364; x_wconf 92' lang='lat' dir='ltr'>arbore</span> <span class='ocrx_word' id='word_1_115' title='bbox 687 1328 799 1380; x_wconf 87' lang='lat' dir='ltr'>genuen</span> 
     </span>
     <span class='ocr_line' id='line_1_18' title="bbox 127 1381 755 1452; baseline -0.003 -16"><span class='ocrx_word' id='word_1_116' title='bbox 127 1382 276 1451; x_wconf 81' lang='lat' dir='ltr'>includunt,</span> <span class='ocrx_word' id='word_1_117' title='bbox 290 1383 397 1452; x_wconf 91' lang='lat' dir='ltr'>udoque</span> <span class='ocrx_word' id='word_1_118' title='bbox 409 1381 507 1434; x_wconf 87' lang='lat' dir='ltr'>docent</span> <span class='ocrx_word' id='word_1_119' title='bbox 519 1381 666 1433; x_wconf 84' lang='lat' dir='ltr'>inolescere</span> <span class='ocrx_word' id='word_1_120' title='bbox 678 1381 755 1434; x_wconf 88' lang='lat' dir='ltr'>libro.</span> 
     </span>
     <span class='ocr_line' id='line_1_19' title="bbox 126 1451 790 1521; baseline -0.003 -15"><span class='ocrx_word' id='word_1_121' title='bbox 126 1458 180 1506; x_wconf 89' lang='lat' dir='ltr'>Aut</span> <span class='ocrx_word' id='word_1_122' title='bbox 192 1470 297 1505; x_wconf 88' lang='lat' dir='ltr'>rursum</span> <span class='ocrx_word' id='word_1_123' title='bbox 309 1452 410 1505; x_wconf 89' lang='lat' dir='ltr'>enodes</span> <span class='ocrx_word' id='word_1_124' title='bbox 423 1451 508 1504; x_wconf 92' lang='lat' dir='ltr'>trunci</span> <span class='ocrx_word' id='word_1_125' title='bbox 522 1458 683 1521; x_wconf 89' lang='lat' dir='ltr'>resecantur,</span> <span class='ocrx_word' id='word_1_126' title='bbox 696 1459 724 1504; x_wconf 88' lang='lat' dir='ltr'>et</span> <span class='ocrx_word' id='word_1_127' title='bbox 736 1451 790 1505; x_wconf 88' lang='lat' dir='ltr'>alte</span> 
     </span>
     <span class='ocr_line' id='line_1_20' title="bbox 127 1519 827 1589; baseline -0.001 -13"><span class='ocrx_word' id='word_1_128' title='bbox 127 1522 248 1576; x_wconf 89' lang='lat' dir='ltr'>Finditur</span> <span class='ocrx_word' id='word_1_129' title='bbox 260 1523 286 1574; x_wconf 92' lang='lat' dir='ltr'>in</span> <span class='ocrx_word' id='word_1_130' title='bbox 299 1521 414 1575; x_wconf 88' lang='lat' dir='ltr'>solidum</span> <span class='ocrx_word' id='word_1_131' title='bbox 427 1521 522 1574; x_wconf 91' lang='lat' dir='ltr'>cuneis</span> <span class='ocrx_word' id='word_1_132' title='bbox 533 1520 593 1589; x_wconf 86' lang='lat' dir='ltr'>via3</span> <span class='ocrx_word' id='word_1_133' title='bbox 611 1519 710 1573; x_wconf 90' lang='lat' dir='ltr'>deinde</span> <span class='ocrx_word' id='word_1_134' title='bbox 723 1521 827 1575; x_wconf 89' lang='lat' dir='ltr'>feraces</span> 
     </span>
     <span class='ocr_line' id='line_1_21' title="bbox 125 1590 980 1663; baseline 0.002 -18"><span class='ocrx_word' id='word_1_135' title='bbox 125 1593 236 1646; x_wconf 87' lang='lat' dir='ltr'>Plantae</span> <span class='ocrx_word' id='word_1_136' title='bbox 248 1592 443 1645; x_wconf 89' lang='lat' dir='ltr'>immittuntur:</span> <span class='ocrx_word' id='word_1_137' title='bbox 462 1607 514 1644; x_wconf 90' lang='lat' dir='ltr'>nec</span> <span class='ocrx_word' id='word_1_138' title='bbox 526 1590 636 1659; x_wconf 89' lang='lat' dir='ltr'>longum</span> <span class='ocrx_word' id='word_1_139' title='bbox 649 1599 764 1663; x_wconf 86' lang='lat' dir='ltr'>tempus,</span> <span class='ocrx_word' id='word_1_140' title='bbox 778 1600 806 1646; x_wconf 91' lang='lat' dir='ltr'>et</span> <span class='ocrx_word' id='word_1_141' title='bbox 817 1591 912 1662; x_wconf 89' lang='lat' dir='ltr'>ingens</span> <span class='ocrx_word' id='word_1_142' title='bbox 945 1597 980 1647; x_wconf 84' lang='lat'>80</span> 
     </span>
     <span class='ocr_line' id='line_1_22' title="bbox 126 1660 692 1731; baseline -0.004 -15"><span class='ocrx_word' id='word_1_143' title='bbox 126 1664 196 1716; x_wconf 83' lang='lat' dir='ltr'>Exiit</span> <span class='ocrx_word' id='word_1_144' title='bbox 208 1662 244 1716; x_wconf 88' lang='lat' dir='ltr'>ad</span> <span class='ocrx_word' id='word_1_145' title='bbox 256 1662 362 1715; x_wconf 91' lang='lat' dir='ltr'>coelum</span> <span class='ocrx_word' id='word_1_146' title='bbox 376 1661 457 1714; x_wconf 89' lang='lat' dir='ltr'>ramis</span> <span class='ocrx_word' id='word_1_147' title='bbox 469 1660 595 1714; x_wconf 83' lang='lat' dir='ltr'>felicibus</span> <span class='ocrx_word' id='word_1_148' title='bbox 606 1662 692 1731; x_wconf 87' lang='lat' dir='ltr'>arbos,</span> 
     </span>
     <span class='ocr_line' id='line_1_23' title="bbox 125 1730 775 1802; baseline -0.003 -16"><span class='ocrx_word' id='word_1_149' title='bbox 125 1734 292 1802; x_wconf 86' lang='lat' dir='ltr'>Miraturque</span> <span class='ocrx_word' id='word_1_150' title='bbox 304 1748 388 1784; x_wconf 87' lang='lat' dir='ltr'>novas</span> <span class='ocrx_word' id='word_1_151' title='bbox 400 1730 509 1783; x_wconf 88' lang='lat' dir='ltr'>frondes</span> <span class='ocrx_word' id='word_1_152' title='bbox 521 1738 548 1784; x_wconf 92' lang='lat' dir='ltr'>et</span> <span class='ocrx_word' id='word_1_153' title='bbox 560 1748 611 1784; x_wconf 91' lang='lat' dir='ltr'>nou</span> <span class='ocrx_word' id='word_1_154' title='bbox 625 1748 674 1784; x_wconf 87' lang='lat' dir='ltr'>sua</span> <span class='ocrx_word' id='word_1_155' title='bbox 687 1748 775 1801; x_wconf 87' lang='lat' dir='ltr'>poma.</span> 
     </span>
    </p>

    <p class='ocr_par' dir='ltr' id='par_1_6' title="bbox 121 1800 980 2989">
     <span class='ocr_line' id='line_1_24' title="bbox 160 1800 880 1872; baseline -0.001 -17"><span class='ocrx_word' id='word_1_156' title='bbox 160 1804 303 1856; x_wconf 90' lang='lat' dir='ltr'>Praeterea</span> <span class='ocrx_word' id='word_1_157' title='bbox 314 1818 401 1870; x_wconf 88' lang='lat' dir='ltr'>genus</span> <span class='ocrx_word' id='word_1_158' title='bbox 413 1800 484 1853; x_wconf 92' lang='lat' dir='ltr'>haud</span> <span class='ocrx_word' id='word_1_159' title='bbox 498 1816 591 1871; x_wconf 92' lang='lat' dir='ltr'>unum,</span> <span class='ocrx_word' id='word_1_160' title='bbox 605 1818 656 1854; x_wconf 89' lang='lat' dir='ltr'>nec</span> <span class='ocrx_word' id='word_1_161' title='bbox 668 1801 781 1855; x_wconf 84' lang='lat' dir='ltr'>fortibus</span> <span class='ocrx_word' id='word_1_162' title='bbox 792 1800 880 1872; x_wconf 88' lang='lat' dir='ltr'>ulmis,</span> 
     </span>
     <span class='ocr_line' id='line_1_25' title="bbox 124 1871 775 1993; baseline -0.003 -67"><span class='ocrx_word' id='word_1_163' title='bbox 124 1873 184 1926; x_wconf 89' lang='lat' dir='ltr'>Nec</span> <span class='ocrx_word' id='word_1_164' title='bbox 196 1872 272 1926; x_wconf 90' lang='lat' dir='ltr'>salici</span> <span class='ocrx_word' id='word_1_165' title='bbox 285 1872 399 1941; x_wconf 89' lang='lat' dir='ltr'>lotoque,</span> <span class='ocrx_word' id='word_1_166' title='bbox 413 1887 502 1993; x_wconf 83' lang='lat' dir='ltr'>neque</span> <span class='ocrx_word' id='word_1_167' title='bbox 516 1871 603 1924; x_wconf 89' lang='lat' dir='ltr'>Idaeis</span> <span class='ocrx_word' id='word_1_168' title='bbox 615 1872 759 1940; x_wconf 87' lang='lat' dir='ltr'>cyparissis</span> <span class='ocrx_word' id='word_1_169' title='bbox 767 1888 775 1940; x_wconf 90' lang='lat'>3</span> 
     </span>
     <span class='ocr_line' id='line_1_26' title="bbox 124 1941 979 2012; baseline -0.002 -16"><span class='ocrx_word' id='word_1_170' title='bbox 124 1944 150 1997; x_wconf 94' lang='lat' dir='ltr'><strong>N</strong></span> <span class='ocrx_word' id='word_1_171' title='bbox 152 1960 184 1995; x_wconf 90' lang='lat' dir='ltr'>ec</span> <span class='ocrx_word' id='word_1_172' title='bbox 196 1943 309 2012; x_wconf 82' lang='lat' dir='ltr'>pingues</span> <span class='ocrx_word' id='word_1_173' title='bbox 320 1958 403 1995; x_wconf 88' lang='lat' dir='ltr'>unam</span> <span class='ocrx_word' id='word_1_174' title='bbox 415 1941 442 1994; x_wconf 94' lang='lat' dir='ltr'>in</span> <span class='ocrx_word' id='word_1_175' title='bbox 467 1941 553 1994; x_wconf 86' lang='lat' dir='ltr'>aciem</span> <span class='ocrx_word' id='word_1_176' title='bbox 567 1949 713 1995; x_wconf 89' lang='lat' dir='ltr'>nascuntur</span> <span class='ocrx_word' id='word_1_177' title='bbox 724 1941 820 2012; x_wconf 89' lang='lat' dir='ltr'>olivae,</span> <span class='ocrx_word' id='word_1_178' title='bbox 944 1945 979 1996; x_wconf 77' lang='lat'>85</span> 
     </span>
     <span class='ocr_line' id='line_1_27' title="bbox 124 2011 761 2080; baseline -0.003 -15"><span class='ocrx_word' id='word_1_179' title='bbox 124 2012 268 2080; x_wconf 90' lang='lat' dir='ltr'>Orchades,</span> <span class='ocrx_word' id='word_1_180' title='bbox 282 2019 309 2064; x_wconf 93' lang='lat' dir='ltr'>et</span> <span class='ocrx_word' id='word_1_181' title='bbox 322 2011 396 2079; x_wconf 87' lang='lat' dir='ltr'>radii,</span> <span class='ocrx_word' id='word_1_182' title='bbox 410 2020 437 2064; x_wconf 90' lang='lat' dir='ltr'>et</span> <span class='ocrx_word' id='word_1_183' title='bbox 449 2027 542 2063; x_wconf 89' lang='lat' dir='ltr'>amara</span> <span class='ocrx_word' id='word_1_184' title='bbox 554 2011 648 2080; x_wconf 87' lang='lat' dir='ltr'>pausia</span> <span class='ocrx_word' id='word_1_185' title='bbox 659 2011 761 2079; x_wconf 90' lang='lat' dir='ltr'>bacca3</span> 
     </span>
     <span class='ocr_line' id='line_1_28' title="bbox 124 2079 822 2151; baseline -0.004 -16"><span class='ocrx_word' id='word_1_186' title='bbox 124 2082 262 2151; x_wconf 88' lang='lat' dir='ltr'>Pomaque</span> <span class='ocrx_word' id='word_1_187' title='bbox 275 2089 301 2134; x_wconf 89' lang='lat' dir='ltr'>et</span> <span class='ocrx_word' id='word_1_188' title='bbox 314 2081 420 2134; x_wconf 78' lang='lat' dir='ltr'>Alcinoi</span> <span class='ocrx_word' id='word_1_189' title='bbox 433 2081 534 2149; x_wconf 87' lang='lat' dir='ltr'>silvae;</span> <span class='ocrx_word' id='word_1_190' title='bbox 552 2097 603 2132; x_wconf 93' lang='lat' dir='ltr'>nec</span> <span class='ocrx_word' id='word_1_191' title='bbox 615 2080 736 2133; x_wconf 88' lang='lat' dir='ltr'>surculus</span> <span class='ocrx_word' id='word_1_192' title='bbox 747 2079 822 2132; x_wconf 90' lang='lat' dir='ltr'>idem</span> 
     </span>
     <span class='ocr_line' id='line_1_29' title="bbox 125 2148 838 2220; baseline -0.006 -15"><span class='ocrx_word' id='word_1_193' title='bbox 125 2152 284 2206; x_wconf 88' lang='lat' dir='ltr'>Crustumiis</span> <span class='ocrx_word' id='word_1_194' title='bbox 296 2151 434 2220; x_wconf 85' lang='lat' dir='ltr'>Syriisque</span> <span class='ocrx_word' id='word_1_195' title='bbox 446 2150 511 2220; x_wconf 90' lang='lat' dir='ltr'>piris</span> <span class='ocrx_word' id='word_1_196' title='bbox 522 2149 703 2218; x_wconf 85' lang='lat' dir='ltr'>gravibusque</span> <span class='ocrx_word' id='word_1_197' title='bbox 716 2148 838 2202; x_wconf 86' lang='lat' dir='ltr'>volemis.</span> 
     </span>
     <span class='ocr_line' id='line_1_30' title="bbox 124 2218 822 2290; baseline -0.006 -15"><span class='ocrx_word' id='word_1_198' title='bbox 124 2223 184 2276; x_wconf 94' lang='lat' dir='ltr'>Non</span> <span class='ocrx_word' id='word_1_199' title='bbox 197 2221 294 2275; x_wconf 88' lang='lat' dir='ltr'>cadem</span> <span class='ocrx_word' id='word_1_200' title='bbox 306 2220 445 2274; x_wconf 88' lang='lat' dir='ltr'>arboribus</span> <span class='ocrx_word' id='word_1_201' title='bbox 456 2218 556 2290; x_wconf 83' lang='lat' dir='ltr'>pendet</span> <span class='ocrx_word' id='word_1_202' title='bbox 569 2219 708 2272; x_wconf 86' lang='lat' dir='ltr'>vindemia</span> <span class='ocrx_word' id='word_1_203' title='bbox 720 2219 822 2289; x_wconf 85' lang='lat' dir='ltr'>nostris,</span> 
     </span>
     <span class='ocr_line' id='line_1_31' title="bbox 124 2289 980 2360; baseline -0.001 -15"><span class='ocrx_word' id='word_1_204' title='bbox 124 2292 211 2352; x_wconf 82' lang='lat' dir='ltr'>Quam</span> <span class='ocrx_word' id='word_1_205' title='bbox 224 2290 421 2360; x_wconf 86' lang='lat' dir='ltr'>Methymnaeo</span> <span class='ocrx_word' id='word_1_206' title='bbox 433 2290 517 2359; x_wconf 90' lang='lat' dir='ltr'>carpit</span> <span class='ocrx_word' id='word_1_207' title='bbox 529 2289 564 2341; x_wconf 94' lang='lat' dir='ltr'>de</span> <span class='ocrx_word' id='word_1_208' title='bbox 575 2289 687 2359; x_wconf 84' lang='lat' dir='ltr'>palmite</span> <span class='ocrx_word' id='word_1_209' title='bbox 700 2289 810 2342; x_wconf 87' lang='lat' dir='ltr'>Lesbos.</span> <span class='ocrx_word' id='word_1_210' title='bbox 945 2292 980 2344; x_wconf 84' lang='grc'>90</span> 
     </span>
     <span class='ocr_line' id='line_1_32' title="bbox 123 2358 826 2429; baseline -0.007 -14"><span class='ocrx_word' id='word_1_211' title='bbox 123 2362 188 2415; x_wconf 86' lang='lat' dir='ltr'>Sunt</span> <span class='ocrx_word' id='word_1_212' title='bbox 200 2360 316 2414; x_wconf 89' lang='lat' dir='ltr'>Thasiae</span> <span class='ocrx_word' id='word_1_213' title='bbox 328 2361 405 2429; x_wconf 89' lang='lat' dir='ltr'>vites,</span> <span class='ocrx_word' id='word_1_214' title='bbox 419 2367 482 2412; x_wconf 91' lang='lat' dir='ltr'>sunt</span> <span class='ocrx_word' id='word_1_215' title='bbox 494 2367 520 2412; x_wconf 87' lang='lat' dir='ltr'>et</span> <span class='ocrx_word' id='word_1_216' title='bbox 533 2359 699 2412; x_wconf 88' lang='lat' dir='ltr'>Mareotides</span> <span class='ocrx_word' id='word_1_217' title='bbox 710 2358 826 2412; x_wconf 86' lang='lat' dir='ltr'>albae-</span> 
     </span>
     <span class='ocr_line' id='line_1_33' title="bbox 122 2428 818 2500; baseline -0.006 -16"><span class='ocrx_word' id='word_1_218' title='bbox 122 2432 271 2500; x_wconf 88' lang='lat' dir='ltr'>Pinguibus</span> <span class='ocrx_word' id='word_1_219' title='bbox 283 2430 334 2483; x_wconf 87' lang='lat' dir='ltr'>hae</span> <span class='ocrx_word' id='word_1_220' title='bbox 347 2430 423 2482; x_wconf 87' lang='lat' dir='ltr'>terris</span> <span class='ocrx_word' id='word_1_221' title='bbox 435 2428 548 2496; x_wconf 85' lang='lat' dir='ltr'>habiles,</span> <span class='ocrx_word' id='word_1_222' title='bbox 562 2429 707 2483; x_wconf 90' lang='lat' dir='ltr'>levioribus</span> <span class='ocrx_word' id='word_1_223' title='bbox 718 2428 818 2481; x_wconf 87' lang='lat' dir='ltr'>illae-</span> 
     </span>
     <span class='ocr_line' id='line_1_34' title="bbox 123 2499 745 2570; baseline -0.008 -15"><span class='ocrx_word' id='word_1_224' title='bbox 123 2503 158 2555; x_wconf 86' lang='lat' dir='ltr'>Et</span> <span class='ocrx_word' id='word_1_225' title='bbox 170 2518 249 2570; x_wconf 88' lang='lat' dir='ltr'>passo</span> <span class='ocrx_word' id='word_1_226' title='bbox 261 2499 364 2552; x_wconf 88' lang='lat' dir='ltr'>Psithia</span> <span class='ocrx_word' id='word_1_227' title='bbox 376 2499 465 2552; x_wconf 89' lang='lat' dir='ltr'>utilior</span> <span class='ocrx_word' id='word_1_228' title='bbox 477 2501 618 2569; x_wconf 87' lang='lat' dir='ltr'>tenuisque</span> <span class='ocrx_word' id='word_1_229' title='bbox 633 2499 745 2567; x_wconf 84' lang='lat' dir='ltr'>Lageos,</span> 
     </span>
     <span class='ocr_line' id='line_1_35' title="bbox 122 2568 780 2639; baseline -0.008 -15"><span class='ocrx_word' id='word_1_230' title='bbox 122 2571 270 2624; x_wconf 88' lang='lat' dir='ltr'>Tentatura</span> <span class='ocrx_word' id='word_1_231' title='bbox 281 2569 367 2639; x_wconf 87' lang='lat' dir='ltr'>pedes</span> <span class='ocrx_word' id='word_1_232' title='bbox 378 2568 444 2622; x_wconf 89' lang='lat' dir='ltr'>olim</span> <span class='ocrx_word' id='word_1_233' title='bbox 455 2569 629 2638; x_wconf 88' lang='lat' dir='ltr'>vincturaque</span> <span class='ocrx_word' id='word_1_234' title='bbox 642 2568 780 2637; x_wconf 88' lang='lat' dir='ltr'>linguam3</span> 
     </span>
     <span class='ocr_line' id='line_1_36' title="bbox 122 2636 980 2710; baseline -0.001 -17"><span class='ocrx_word' id='word_1_235' title='bbox 122 2641 284 2709; x_wconf 88' lang='lat' dir='ltr'>Purpureae,</span> <span class='ocrx_word' id='word_1_236' title='bbox 298 2639 475 2708; x_wconf 89' lang='lat' dir='ltr'>preciaeque;</span> <span class='ocrx_word' id='word_1_237' title='bbox 494 2647 609 2708; x_wconf 93' lang='lat' dir='ltr'>et-quo</span> <span class='ocrx_word' id='word_1_238' title='bbox 622 2648 649 2691; x_wconf 88' lang='lat' dir='ltr'>te</span> <span class='ocrx_word' id='word_1_239' title='bbox 661 2637 781 2691; x_wconf 88' lang='lat' dir='ltr'>carmine</span> <span class='ocrx_word' id='word_1_240' title='bbox 794 2636 892 2710; x_wconf 88' lang='lat' dir='ltr'>dicam,</span> <span class='ocrx_word' id='word_1_241' title='bbox 946 2643 980 2692; x_wconf 73' lang='lat'>95</span> 
     </span>
     <span class='ocr_line' id='line_1_37' title="bbox 121 2707 789 2764; baseline -0.007 -1"><span class='ocrx_word' id='word_1_242' title='bbox 121 2709 270 2764; x_wconf 73' lang='lat' dir='ltr'>Rhaetical</span> <span class='ocrx_word' id='word_1_243' title='bbox 288 2726 340 2762; x_wconf 90' lang='lat' dir='ltr'>nec</span> <span class='ocrx_word' id='word_1_244' title='bbox 352 2708 429 2762; x_wconf 90' lang='lat' dir='ltr'>cellis</span> <span class='ocrx_word' id='word_1_245' title='bbox 440 2709 501 2761; x_wconf 89' lang='lat' dir='ltr'>ideo</span> <span class='ocrx_word' id='word_1_246' title='bbox 514 2708 646 2761; x_wconf 90' lang='lat' dir='ltr'>contende</span> <span class='ocrx_word' id='word_1_247' title='bbox 659 2707 789 2762; x_wconf 85' lang='lat' dir='ltr'>Falernis.</span> 
     </span>
     <span class='ocr_line' id='line_1_38' title="bbox 122 2778 730 2848; baseline -0.007 -15"><span class='ocrx_word' id='word_1_248' title='bbox 122 2780 188 2833; x_wconf 88' lang='lat' dir='ltr'>Sunt</span> <span class='ocrx_word' id='word_1_249' title='bbox 201 2787 228 2832; x_wconf 94' lang='lat' dir='ltr'>et</span> <span class='ocrx_word' id='word_1_250' title='bbox 240 2780 390 2832; x_wconf 89' lang='lat' dir='ltr'>Aminaeae</span> <span class='ocrx_word' id='word_1_251' title='bbox 402 2779 480 2848; x_wconf 88' lang='lat' dir='ltr'>vites,</span> <span class='ocrx_word' id='word_1_252' title='bbox 493 2778 647 2831; x_wconf 85' lang='lat' dir='ltr'>finuissima</span> <span class='ocrx_word' id='word_1_253' title='bbox 658 2779 730 2846; x_wconf 87' lang='lat' dir='ltr'>vina,</span> 
     </span>
     <span class='ocr_line' id='line_1_39' title="bbox 122 2846 832 2918; baseline -0.008 -16"><span class='ocrx_word' id='word_1_254' title='bbox 122 2848 246 2902; x_wconf 89' lang='lat' dir='ltr'>Tmolius</span> <span class='ocrx_word' id='word_1_255' title='bbox 258 2848 378 2916; x_wconf 87' lang='lat' dir='ltr'>adsurgit</span> <span class='ocrx_word' id='word_1_256' title='bbox 390 2848 488 2918; x_wconf 90' lang='lat' dir='ltr'>quibus</span> <span class='ocrx_word' id='word_1_257' title='bbox 500 2856 528 2900; x_wconf 89' lang='lat' dir='ltr'>et</span> <span class='ocrx_word' id='word_1_258' title='bbox 541 2864 588 2900; x_wconf 82' lang='lat' dir='ltr'>rex</span> <span class='ocrx_word' id='word_1_259' title='bbox 600 2847 658 2915; x_wconf 88' lang='lat' dir='ltr'>ipse</span> <span class='ocrx_word' id='word_1_260' title='bbox 670 2846 832 2913; x_wconf 87' lang='lat' dir='ltr'>Phanaeus3</span> 
     </span>
     <span class='ocr_line' id='line_1_40' title="bbox 122 2915 733 2989; baseline -0.008 -17"><span class='ocrx_word' id='word_1_261' title='bbox 122 2920 279 2989; x_wconf 90' lang='lat' dir='ltr'>Argitisque</span> <span class='ocrx_word' id='word_1_262' title='bbox 291 2919 386 2988; x_wconf 89' lang='lat' dir='ltr'>minor,</span> <span class='ocrx_word' id='word_1_263' title='bbox 400 2917 444 2970; x_wconf 88' lang='lat' dir='ltr'>cui</span> <span class='ocrx_word' id='word_1_264' title='bbox 457 2933 509 2970; x_wconf 88' lang='lat' dir='ltr'>non</span> <span class='ocrx_word' id='word_1_265' title='bbox 522 2915 664 2969; x_wconf 87' lang='lat' dir='ltr'>certaverit</span> <span class='ocrx_word' id='word_1_266' title='bbox 676 2915 733 2968; x_wconf 91' lang='lat' dir='ltr'>ulla</span> 
     </span>
    </p>
   </div>
   <div class='ocr_carea' id='block_1_3' title="bbox 55 3053 982 3419">
    <p class='ocr_par' dir='ltr' id='par_1_7' title="bbox 55 3053 982 3419">
     <span class='ocr_line' id='line_1_41' title="bbox 82 3053 982 3117; baseline 0.002 -12"><span class='ocrx_word' id='word_1_267' title='bbox 82 3059 168 3106; x_wconf 80' lang='lat'>63-68.</span> <span class='ocrx_word' id='word_1_268' title='bbox 183 3056 220 3105; x_wconf 91' lang='lat' dir='ltr'>0f</span> <span class='ocrx_word' id='word_1_269' title='bbox 232 3065 296 3105; x_wconf 87' lang='lat' dir='ltr'>trees</span> <span class='ocrx_word' id='word_1_270' title='bbox 308 3067 334 3104; x_wconf 90' lang='lat' dir='ltr'>to</span> <span class='ocrx_word' id='word_1_271' title='bbox 344 3057 375 3104; x_wconf 92' lang='lat' dir='ltr'>be</span> <span class='ocrx_word' id='word_1_272' title='bbox 387 3055 525 3117; x_wconf 85' lang='lat' dir='ltr'>artificially</span> <span class='ocrx_word' id='word_1_273' title='bbox 535 3053 693 3117; x_wconf 86' lang='lat' dir='ltr'>propagated,</span> <span class='ocrx_word' id='word_1_274' title='bbox 707 3055 799 3105; x_wconf 88' lang='lat' dir='ltr'>certain</span> <span class='ocrx_word' id='word_1_275' title='bbox 810 3056 924 3107; x_wconf 92' lang='lat' dir='ltr'>methods</span> <span class='ocrx_word' id='word_1_276' title='bbox 940 3073 982 3107; x_wconf 83' lang='lat' dir='ltr'>ure</span> 
     </span>
     <span class='ocr_line' id='line_1_42' title="bbox 55 3113 981 3176; baseline -0.001 -9"><span class='ocrx_word' id='word_1_277' title='bbox 55 3117 110 3167; x_wconf 82' lang='lat' dir='ltr'>best</span> <span class='ocrx_word' id='word_1_278' title='bbox 126 3116 232 3176; x_wconf 87' lang='lat' dir='ltr'>adapted</span> <span class='ocrx_word' id='word_1_279' title='bbox 247 3115 284 3164; x_wconf 86' lang='lat' dir='ltr'>sor</span> <span class='ocrx_word' id='word_1_280' title='bbox 300 3115 413 3164; x_wconf 84' lang='lat' dir='ltr'>different</span> <span class='ocrx_word' id='word_1_281' title='bbox 429 3125 501 3163; x_wconf 90' lang='lat' dir='ltr'>trees.</span> <span class='ocrx_word' id='word_1_282' title='bbox 511 3118 636 3164; x_wconf 76' lang='lat'>-69-72.</span> <span class='ocrx_word' id='word_1_283' title='bbox 654 3113 773 3163; x_wconf 83' lang='lat' dir='ltr'>Different</span> <span class='ocrx_word' id='word_1_284' title='bbox 789 3115 924 3166; x_wconf 87' lang='lat' dir='ltr'>fruit-trees</span> <span class='ocrx_word' id='word_1_285' title='bbox 940 3131 981 3166; x_wconf 80' lang='lat' dir='ltr'>are</span> 
     </span>
     <span class='ocr_line' id='line_1_43' title="bbox 56 3174 982 3244; baseline -0.004 -18"><span class='ocrx_word' id='word_1_286' title='bbox 56 3177 109 3226; x_wconf 89' lang='lat' dir='ltr'>best</span> <span class='ocrx_word' id='word_1_287' title='bbox 124 3175 230 3244; x_wconf 86' lang='lat' dir='ltr'>adapted</span> <span class='ocrx_word' id='word_1_288' title='bbox 246 3175 283 3223; x_wconf 88' lang='lat' dir='ltr'>for</span> <span class='ocrx_word' id='word_1_289' title='bbox 298 3174 430 3236; x_wconf 85' lang='lat' dir='ltr'>ingrafting</span> <span class='ocrx_word' id='word_1_290' title='bbox 440 3189 472 3222; x_wconf 92' lang='lat' dir='ltr'>on</span> <span class='ocrx_word' id='word_1_291' title='bbox 481 3175 574 3243; x_wconf 79' lang='lat' dir='ltr'>certain</span> <span class='ocrx_word' id='word_1_292' title='bbox 584 3174 675 3223; x_wconf 89' lang='lat' dir='ltr'>others.</span> <span class='ocrx_word' id='word_1_293' title='bbox 684 3197 717 3206; x_wconf 98' lang='lat'>-</span> <span class='ocrx_word' id='word_1_294' title='bbox 725 3178 810 3225; x_wconf 83' lang='lat'>73-77.</span> <span class='ocrx_word' id='word_1_295' title='bbox 827 3175 982 3237; x_wconf 75' lang='lat' dir='ltr'>Inoculating</span> 
     </span>
     <span class='ocr_line' id='line_1_44' title="bbox 56 3232 982 3295; baseline -0.002 -10"><span class='ocrx_word' id='word_1_296' title='bbox 56 3235 76 3284; x_wconf 85' lang='lat' dir='ltr'>is</span> <span class='ocrx_word' id='word_1_297' title='bbox 100 3235 237 3285; x_wconf 82' lang='lat' dir='ltr'>described.</span> <span class='ocrx_word' id='word_1_298' title='bbox 249 3237 377 3283; x_wconf 79' lang='lat'>-78—82.</span> <span class='ocrx_word' id='word_1_299' title='bbox 400 3232 536 3295; x_wconf 87' lang='lat' dir='ltr'>Ingraftmg</span> <span class='ocrx_word' id='word_1_300' title='bbox 556 3248 644 3293; x_wconf 90' lang='lat' dir='ltr'>proper</span> <span class='ocrx_word' id='word_1_301' title='bbox 664 3233 685 3282; x_wconf 88' lang='lat' dir='ltr'>is</span> <span class='ocrx_word' id='word_1_302' title='bbox 706 3233 982 3284; x_wconf 80' lang='lat' dir='ltr'>described.-·83-88.</span> 
     </span>
     <span class='ocr_line' id='line_1_45' title="bbox 56 3291 981 3361; baseline 0 -17"><span class='ocrx_word' id='word_1_303' title='bbox 56 3293 139 3344; x_wconf 83' lang='lat' dir='ltr'>There</span> <span class='ocrx_word' id='word_1_304' title='bbox 157 3310 197 3343; x_wconf 87' lang='lat' dir='ltr'>are</span> <span class='ocrx_word' id='word_1_305' title='bbox 214 3292 326 3342; x_wconf 81' lang='lat' dir='ltr'>different</span> <span class='ocrx_word' id='word_1_306' title='bbox 343 3292 437 3361; x_wconf 88' lang='lat' dir='ltr'>species</span> <span class='ocrx_word' id='word_1_307' title='bbox 454 3291 482 3339; x_wconf 89' lang='lat' dir='ltr'>of</span> <span class='ocrx_word' id='word_1_308' title='bbox 500 3293 626 3341; x_wconf 78' lang='lat' dir='ltr'>therama</span> <span class='ocrx_word' id='word_1_309' title='bbox 648 3292 708 3341; x_wconf 85' lang='lat' dir='ltr'>kind</span> <span class='ocrx_word' id='word_1_310' title='bbox 723 3291 752 3341; x_wconf 91' lang='lat' dir='ltr'>os</span> <span class='ocrx_word' id='word_1_311' title='bbox 768 3302 828 3342; x_wconf 86' lang='lat' dir='ltr'>tree.</span> <span class='ocrx_word' id='word_1_312' title='bbox 839 3293 981 3346; x_wconf 66' lang='lat' dir='ltr'>*dP-iffi.</span> 
     </span>
     <span class='ocr_line' id='line_1_46' title="bbox 55 3350 978 3419; baseline -0.005 -15"><span class='ocrx_word' id='word_1_313' title='bbox 55 3350 199 3419; x_wconf 70' lang='lat' dir='ltr'>Especially</span> <span class='ocrx_word' id='word_1_314' title='bbox 210 3352 279 3402; x_wconf 88' lang='lat' dir='ltr'>there</span> <span class='ocrx_word' id='word_1_315' title='bbox 291 3367 331 3402; x_wconf 89' lang='lat' dir='ltr'>are</span> <span class='ocrx_word' id='word_1_316' title='bbox 343 3351 456 3401; x_wconf 82' lang='lat' dir='ltr'>different</span> <span class='ocrx_word' id='word_1_317' title='bbox 467 3351 562 3413; x_wconf 84' lang='lat' dir='ltr'>species</span> <span class='ocrx_word' id='word_1_318' title='bbox 573 3351 602 3401; x_wconf 89' lang='lat' dir='ltr'>of</span> <span class='ocrx_word' id='word_1_319' title='bbox 612 3351 678 3403; x_wconf 84' lang='lat' dir='ltr'>vine.</span> <span class='ocrx_word' id='word_1_320' title='bbox 954 3363 957 3366; x_wconf 58' lang='lat'><strong>⁴</strong></span> <span class='ocrx_word' id='word_1_321' title='bbox 976 3363 978 3366; x_wconf 85' lang='lat'>·</span> 
     </span>
    </p>
   </div>
   <div class='ocr_carea' id='block_1_4' title="bbox 161 3415 203 3466">
    <p class='ocr_par' dir='ltr' id='par_1_8' title="bbox 161 3415 203 3466">
     <span class='ocr_line' id='line_1_47' title="bbox 161 3415 203 3466; baseline 0 -17"><span class='ocrx_word' id='word_1_322' title='bbox 161 3415 203 3466; x_wconf 62' lang='grc' dir='ltr'>Η</span> 
     </span>
    </p>
   </div>
   <div class='ocr_carea' id='block_1_5' title="bbox 0 0 1044 3622">
    <p class='ocr_par' dir='ltr' id='par_1_9' title="bbox 0 0 1044 3622">
     <span class='ocr_line' id='line_1_48' title="bbox 0 0 1044 3622; baseline 0 0"><span class='ocrx_word' id='word_1_323' title='bbox 0 0 1044 3622; x_wconf 95' lang='lat' dir='ltr'> </span> 
     </span>
    </p>
   </div>
  </div>
 </body>
</html>
