<?xml version="1.0" encoding="UTF-8"?>
<!DOCTYPE html PUBLIC "-//W3C//DTD XHTML 1.0 Transitional//EN"
    "http://www.w3.org/TR/xhtml1/DTD/xhtml1-transitional.dtd">
<html xmlns="http://www.w3.org/1999/xhtml" xml:lang="en" lang="en">
 <head>
  <title>
</title>
<meta http-equiv="Content-Type" content="text/html;charset=utf-8" />
  <meta name='ocr-system' content='tesseract 3.04.00' />
  <meta name='ocr-capabilities' content='ocr_page ocr_carea ocr_par ocr_line ocrx_word'/>
</head>
<body>
  <div class='ocr_page' id='page_1' title='image "./carmina00virggoog_0413.png"; bbox 0 0 2086 3622; ppageno 0'>
   <div class='ocr_carea' id='block_1_1' title="bbox 372 135 974 196">
    <p class='ocr_par' dir='ltr' id='par_1_1' title="bbox 372 135 974 196">
     <span class='ocr_line' id='line_1_1' title="bbox 372 135 974 196; baseline 0.008 -6"><span class='ocrx_word' id='word_1_1' title='bbox 372 135 384 147; x_wconf 91' lang='grc'><strong><em>’</em></strong></span> <span class='ocrx_word' id='word_1_2' title='bbox 439 149 531 191; x_wconf 82' lang='lat' dir='ltr'><strong>ursan</strong></span> <span class='ocrx_word' id='word_1_3' title='bbox 550 152 611 192; x_wconf 86' lang='lat' dir='ltr'><strong>xr..</strong></span> <span class='ocrx_word' id='word_1_4' title='bbox 914 138 974 196; x_wconf 78' lang='grc'><strong>100</strong></span> 
     </span>
    </p>
   </div>
   <div class='ocr_carea' id='block_1_2' title="bbox 120 278 972 1856">
    <p class='ocr_par' dir='ltr' id='par_1_2' title="bbox 121 278 728 350">
     <span class='ocr_line' id='line_1_2' title="bbox 121 278 728 350; baseline -0.003 -16"><span class='ocrx_word' id='word_1_5' title='bbox 121 280 242 334; x_wconf 87' lang='lat' dir='ltr'><strong>Cultores</strong></span> <span class='ocrx_word' id='word_1_6' title='bbox 254 279 340 332; x_wconf 92' lang='lat' dir='ltr'><strong>multa</strong></span> <span class='ocrx_word' id='word_1_7' title='bbox 351 278 500 348; x_wconf 83' lang='lat' dir='ltr'><strong>premimus</strong></span> <span class='ocrx_word' id='word_1_8' title='bbox 511 278 624 347; x_wconf 84' lang='lat' dir='ltr'><strong>vestigia</strong></span> <span class='ocrx_word' id='word_1_9' title='bbox 635 295 728 350; x_wconf 89' lang='lat' dir='ltr'><strong>pruna,</strong></span> 
     </span>
    </p>

    <p class='ocr_par' dir='ltr' id='par_1_3' title="bbox 121 348 972 558">
     <span class='ocr_line' id='line_1_3' title="bbox 123 348 884 419; baseline -0.001 -17"><span class='ocrx_word' id='word_1_10' title='bbox 123 351 171 419; x_wconf 89' lang='lat' dir='ltr'><strong>Da,</strong></span> <span class='ocrx_word' id='word_1_11' title='bbox 184 350 270 418; x_wconf 89' lang='lat' dir='ltr'><strong>Pater,</strong></span> <span class='ocrx_word' id='word_1_12' title='bbox 284 348 335 402; x_wconf 92' lang='lat' dir='ltr'><strong>hoc</strong></span> <span class='ocrx_word' id='word_1_13' title='bbox 346 349 442 401; x_wconf 89' lang='lat' dir='ltr'><strong>nostris</strong></span> <span class='ocrx_word' id='word_1_14' title='bbox 453 348 554 401; x_wconf 81' lang='lat' dir='ltr'>aboleri</span> <span class='ocrx_word' id='word_1_15' title='bbox 565 348 686 401; x_wconf 79' lang='lat' dir='ltr'><strong>dedecus</strong></span> <span class='ocrx_word' id='word_1_16' title='bbox 697 348 787 416; x_wconf 87' lang='lat' dir='ltr'><strong>armis,</strong></span> <span class='ocrx_word' id='word_1_17' title='bbox 880 395 884 401; x_wconf 89' lang='lat'>.</span> 
     </span>
     <span class='ocr_line' id='line_1_4' title="bbox 121 418 972 488; baseline 0.002 -17"><span class='ocrx_word' id='word_1_18' title='bbox 121 419 304 487; x_wconf 84' lang='lat' dir='ltr'><strong>Omnipotens.</strong></span> <span class='ocrx_word' id='word_1_19' title='bbox 340 419 398 471; x_wconf 93' lang='lat' dir='ltr'><strong>Non</strong></span> <span class='ocrx_word' id='word_1_20' title='bbox 413 418 525 470; x_wconf 86' lang='lat' dir='ltr'><strong>exuvias</strong></span> <span class='ocrx_word' id='word_1_21' title='bbox 536 418 664 486; x_wconf 83' lang='lat' dir='ltr'><strong>pulsaeve</strong></span> <span class='ocrx_word' id='word_1_22' title='bbox 677 427 815 488; x_wconf 86' lang='lat' dir='ltr'><strong>tropaeum</strong></span> <span class='ocrx_word' id='word_1_23' title='bbox 920 425 972 473; x_wconf 83' lang='grc'><strong>790</strong></span> 
     </span>
     <span class='ocr_line' id='line_1_5' title="bbox 123 485 861 558; baseline 0.004 -18"><span class='ocrx_word' id='word_1_24' title='bbox 123 488 243 556; x_wconf 82' lang='lat' dir='ltr'>Virginis,</span> <span class='ocrx_word' id='word_1_25' title='bbox 256 495 303 541; x_wconf 89' lang='lat' dir='ltr'><strong>aut</strong></span> <span class='ocrx_word' id='word_1_26' title='bbox 315 487 397 558; x_wconf 90' lang='lat' dir='ltr'><strong>spolia</strong></span> <span class='ocrx_word' id='word_1_27' title='bbox 409 485 464 539; x_wconf 91' lang='lat' dir='ltr'><strong>ulla</strong></span> <span class='ocrx_word' id='word_1_28' title='bbox 476 495 554 555; x_wconf 89' lang='lat' dir='ltr'><strong>pet0;</strong></span> <span class='ocrx_word' id='word_1_29' title='bbox 572 487 639 539; x_wconf 92' lang='lat' dir='ltr'><strong>mihi</strong></span> <span class='ocrx_word' id='word_1_30' title='bbox 651 495 741 540; x_wconf 87' lang='lat' dir='ltr'><strong>cetera</strong></span> <span class='ocrx_word' id='word_1_31' title='bbox 753 487 861 543; x_wconf 87' lang='lat' dir='ltr'><strong>laudem</strong></span> 
     </span>
    </p>

    <p class='ocr_par' dir='ltr' id='par_1_4' title="bbox 122 555 844 627">
     <span class='ocr_line' id='line_1_6' title="bbox 122 555 844 627; baseline 0.003 -18"><span class='ocrx_word' id='word_1_32' title='bbox 122 555 205 610; x_wconf 80' lang='lat' dir='ltr'><strong>Facta</strong></span> <span class='ocrx_word' id='word_1_33' title='bbox 217 557 319 626; x_wconf 75' lang='lat' dir='ltr'><strong>ferent,</strong></span> <span class='ocrx_word' id='word_1_34' title='bbox 338 557 406 609; x_wconf 89' lang='lat' dir='ltr'><strong>haec</strong></span> <span class='ocrx_word' id='word_1_35' title='bbox 417 556 475 608; x_wconf 88' lang='lat' dir='ltr'><strong>dira</strong></span> <span class='ocrx_word' id='word_1_36' title='bbox 486 573 548 607; x_wconf 89' lang='lat' dir='ltr'><strong>meo</strong></span> <span class='ocrx_word' id='word_1_37' title='bbox 560 555 626 608; x_wconf 88' lang='lat' dir='ltr'><strong>dum</strong></span> <span class='ocrx_word' id='word_1_38' title='bbox 637 558 748 610; x_wconf 88' lang='lat' dir='ltr'><strong>vulnere</strong></span> <span class='ocrx_word' id='word_1_39' title='bbox 760 559 844 627; x_wconf 88' lang='lat' dir='ltr'><strong>pestis</strong></span> 
     </span>
    </p>

    <p class='ocr_par' dir='ltr' id='par_1_5' title="bbox 122 624 803 695">
     <span class='ocr_line' id='line_1_7' title="bbox 122 624 803 695; baseline 0.003 -16"><span class='ocrx_word' id='word_1_40' title='bbox 122 626 203 679; x_wconf 89' lang='lat' dir='ltr'><strong>Pulsa</strong></span> <span class='ocrx_word' id='word_1_41' title='bbox 216 626 302 694; x_wconf 89' lang='lat' dir='ltr'><strong>cadat,</strong></span> <span class='ocrx_word' id='word_1_42' title='bbox 316 626 415 695; x_wconf 90' lang='lat' dir='ltr'><strong>patrias</strong></span> <span class='ocrx_word' id='word_1_43' title='bbox 427 624 554 677; x_wconf 84' lang='lat' dir='ltr'><strong>remeabo</strong></span> <span class='ocrx_word' id='word_1_44' title='bbox 566 625 693 692; x_wconf 86' lang='lat' dir='ltr'><strong>inglorius</strong></span> <span class='ocrx_word' id='word_1_45' title='bbox 704 627 803 681; x_wconf 62' lang='lat' dir='ltr'><strong>urbes]</strong></span> 
     </span>
    </p>

    <p class='ocr_par' dir='ltr' id='par_1_6' title="bbox 121 694 729 762">
     <span class='ocr_line' id='line_1_8' title="bbox 121 694 729 762; baseline 0.002 -14"><span class='ocrx_word' id='word_1_46' title='bbox 121 696 213 749; x_wconf 87' lang='lat' dir='ltr'>Audiit</span> <span class='ocrx_word' id='word_1_47' title='bbox 227 703 254 748; x_wconf 91' lang='lat' dir='ltr'><strong>et</strong></span> <span class='ocrx_word' id='word_1_48' title='bbox 266 695 320 748; x_wconf 87' lang='lat' dir='ltr'><strong>voti</strong></span> <span class='ocrx_word' id='word_1_49' title='bbox 332 694 456 748; x_wconf 90' lang='lat' dir='ltr'><strong>Phoebus</strong></span> <span class='ocrx_word' id='word_1_50' title='bbox 467 694 613 746; x_wconf 78' lang='lat' dir='ltr'><strong>succedere</strong></span> <span class='ocrx_word' id='word_1_51' title='bbox 625 704 729 762; x_wconf 91' lang='lat' dir='ltr'><strong>partem</strong></span> 
     </span>
    </p>

    <p class='ocr_par' dir='ltr' id='par_1_7' title="bbox 121 762 971 904">
     <span class='ocr_line' id='line_1_9' title="bbox 121 762 971 833; baseline 0.002 -16"><span class='ocrx_word' id='word_1_52' title='bbox 121 765 216 817; x_wconf 92' lang='lat' dir='ltr'><strong>Mente</strong></span> <span class='ocrx_word' id='word_1_53' title='bbox 228 763 310 833; x_wconf 85' lang='lat' dir='ltr'>dedit,</span> <span class='ocrx_word' id='word_1_54' title='bbox 324 773 428 832; x_wconf 87' lang='lat' dir='ltr'><strong>partem</strong></span> <span class='ocrx_word' id='word_1_55' title='bbox 440 762 555 816; x_wconf 87' lang='lat' dir='ltr'><strong>volucris</strong></span> <span class='ocrx_word' id='word_1_56' title='bbox 566 762 691 832; x_wconf 84' lang='lat' dir='ltr'>dispersit</span> <span class='ocrx_word' id='word_1_57' title='bbox 703 765 730 818; x_wconf 89' lang='lat' dir='ltr'><strong>in</strong></span> <span class='ocrx_word' id='word_1_58' title='bbox 741 783 837 819; x_wconf 89' lang='lat' dir='ltr'><strong>auras:</strong></span> <span class='ocrx_word' id='word_1_59' title='bbox 921 771 971 819; x_wconf 82' lang='grc'><strong>795</strong></span> 
     </span>
     <span class='ocr_line' id='line_1_10' title="bbox 121 832 801 904; baseline 0.001 -18"><span class='ocrx_word' id='word_1_60' title='bbox 121 834 254 886; x_wconf 87' lang='lat' dir='ltr'><strong>Sterneret</strong></span> <span class='ocrx_word' id='word_1_61' title='bbox 267 841 296 885; x_wconf 94' lang='lat' dir='ltr'><strong>ut</strong></span> <span class='ocrx_word' id='word_1_62' title='bbox 308 832 395 885; x_wconf 89' lang='lat' dir='ltr'><strong>subita</strong></span> <span class='ocrx_word' id='word_1_63' title='bbox 407 832 540 885; x_wconf 83' lang='lat' dir='ltr'><strong>turbatam</strong></span> <span class='ocrx_word' id='word_1_64' title='bbox 551 841 637 885; x_wconf 88' lang='lat' dir='ltr'><strong>rncrte</strong></span> <span class='ocrx_word' id='word_1_65' title='bbox 649 833 801 904; x_wconf 82' lang='lat' dir='ltr'><strong>Camillam,</strong></span> 
     </span>
    </p>

    <p class='ocr_par' dir='ltr' id='par_1_8' title="bbox 121 901 821 973">
     <span class='ocr_line' id='line_1_11' title="bbox 121 901 821 973; baseline 0.003 -18"><span class='ocrx_word' id='word_1_66' title='bbox 121 904 224 955; x_wconf 88' lang='lat' dir='ltr'>Annuit</span> <span class='ocrx_word' id='word_1_67' title='bbox 236 902 320 954; x_wconf 88' lang='lat' dir='ltr'><strong>oranti</strong></span> <span class='ocrx_word' id='word_1_68' title='bbox 327 919 335 970; x_wconf 76' lang='lat'>5</span> <span class='ocrx_word' id='word_1_69' title='bbox 354 902 482 955; x_wconf 87' lang='lat' dir='ltr'><strong>reducem</strong></span> <span class='ocrx_word' id='word_1_70' title='bbox 493 912 523 954; x_wconf 95' lang='lat' dir='ltr'><strong>ut</strong></span> <span class='ocrx_word' id='word_1_71' title='bbox 535 901 620 971; x_wconf 90' lang='lat' dir='ltr'><strong>patria</strong></span> <span class='ocrx_word' id='word_1_72' title='bbox 631 901 685 954; x_wconf 89' lang='lat' dir='ltr'><strong>alta</strong></span> <span class='ocrx_word' id='word_1_73' title='bbox 697 903 808 973; x_wconf 89' lang='lat' dir='ltr'><strong>videret,</strong></span> <span class='ocrx_word' id='word_1_74' title='bbox 820 910 821 914; x_wconf 76' lang='grc'>’</span> 
     </span>
    </p>

    <p class='ocr_par' dir='ltr' id='par_1_9' title="bbox 120 972 849 1042">
     <span class='ocr_line' id='line_1_12' title="bbox 120 972 849 1042; baseline 0.001 -17"><span class='ocrx_word' id='word_1_75' title='bbox 120 973 147 1025; x_wconf 94' lang='lat' dir='ltr'><strong>N</strong></span> <span class='ocrx_word' id='word_1_76' title='bbox 149 990 181 1024; x_wconf 91' lang='lat' dir='ltr'><strong>on</strong></span> <span class='ocrx_word' id='word_1_77' title='bbox 194 972 269 1025; x_wconf 91' lang='lat' dir='ltr'>dedit</span> <span class='ocrx_word' id='word_1_78' title='bbox 276 987 284 1040; x_wconf 75' lang='lat'>5</span> <span class='ocrx_word' id='word_1_79' title='bbox 303 972 384 1041; x_wconf 93' lang='lat' dir='ltr'><strong>inque</strong></span> <span class='ocrx_word' id='word_1_80' title='bbox 396 979 472 1024; x_wconf 91' lang='lat' dir='ltr'><strong>notos</strong></span> <span class='ocrx_word' id='word_1_81' title='bbox 484 987 579 1023; x_wconf 86' lang='lat' dir='ltr'><strong>vocem</strong></span> <span class='ocrx_word' id='word_1_82' title='bbox 592 979 696 1024; x_wconf 83' lang='lat' dir='ltr'><strong>vertere</strong></span> <span class='ocrx_word' id='word_1_83' title='bbox 708 973 849 1042; x_wconf 88' lang='lat' dir='ltr'><strong>procellae.</strong></span> 
     </span>
    </p>

    <p class='ocr_par' dir='ltr' id='par_1_10' title="bbox 121 1039 972 1300">
     <span class='ocr_line' id='line_1_13' title="bbox 122 1039 893 1113; baseline 0.004 -19"><span class='ocrx_word' id='word_1_84' title='bbox 122 1042 200 1110; x_wconf 83' lang='lat' dir='ltr'><strong>Ergo,</strong></span> <span class='ocrx_word' id='word_1_85' title='bbox 213 1051 241 1093; x_wconf 87' lang='lat' dir='ltr'><strong>ut</strong></span> <span class='ocrx_word' id='word_1_86' title='bbox 254 1041 337 1094; x_wconf 91' lang='lat' dir='ltr'><strong>missa</strong></span> <span class='ocrx_word' id='word_1_87' title='bbox 348 1057 430 1094; x_wconf 88' lang='lat' dir='ltr'><strong>manu</strong></span> <span class='ocrx_word' id='word_1_88' title='bbox 443 1041 559 1093; x_wconf 91' lang='lat' dir='ltr'><strong>sonitum</strong></span> <span class='ocrx_word' id='word_1_89' title='bbox 571 1039 646 1093; x_wconf 94' lang='lat' dir='ltr'>dedit</span> <span class='ocrx_word' id='word_1_90' title='bbox 658 1039 736 1094; x_wconf 90' lang='lat' dir='ltr'><strong>hasta</strong></span> <span class='ocrx_word' id='word_1_91' title='bbox 748 1060 795 1113; x_wconf 92' lang='lat' dir='ltr'><strong>per</strong></span> <span class='ocrx_word' id='word_1_92' title='bbox 806 1055 893 1113; x_wconf 83' lang='lat' dir='ltr'><strong>auras,</strong></span> 
     </span>
     <span class='ocr_line' id='line_1_14' title="bbox 122 1109 972 1178; baseline 0.001 -16"><span class='ocrx_word' id='word_1_93' title='bbox 122 1112 283 1163; x_wconf 88' lang='lat' dir='ltr'><strong>Convertere</strong></span> <span class='ocrx_word' id='word_1_94' title='bbox 295 1110 400 1162; x_wconf 91' lang='lat' dir='ltr'><strong>animos</strong></span> <span class='ocrx_word' id='word_1_95' title='bbox 411 1111 480 1162; x_wconf 89' lang='lat' dir='ltr'><strong>acris</strong></span> <span class='ocrx_word' id='word_1_96' title='bbox 491 1109 636 1178; x_wconf 89' lang='lat' dir='ltr'><strong>oculosque</strong></span> <span class='ocrx_word' id='word_1_97' title='bbox 649 1110 736 1163; x_wconf 91' lang='lat' dir='ltr'><strong>tulere</strong></span> <span class='ocrx_word' id='word_1_98' title='bbox 920 1116 972 1164; x_wconf 93' lang='grc'><strong>800</strong></span> 
     </span>
     <span class='ocr_line' id='line_1_15' title="bbox 121 1177 844 1300; baseline 0 -68"><span class='ocrx_word' id='word_1_99' title='bbox 121 1181 216 1232; x_wconf 91' lang='lat' dir='ltr'><strong>Cuncti</strong></span> <span class='ocrx_word' id='word_1_100' title='bbox 227 1179 262 1231; x_wconf 92' lang='lat' dir='ltr'><strong>ad</strong></span> <span class='ocrx_word' id='word_1_101' title='bbox 275 1179 394 1247; x_wconf 86' lang='lat' dir='ltr'><strong>reginam</strong></span> <span class='ocrx_word' id='word_1_102' title='bbox 406 1179 504 1231; x_wconf 87' lang='lat' dir='ltr'><strong>Volsci.</strong></span> <span class='ocrx_word' id='word_1_103' title='bbox 540 1177 616 1231; x_wconf 89' lang='lat' dir='ltr'><strong>Nihil</strong></span> <span class='ocrx_word' id='word_1_104' title='bbox 628 1178 687 1300; x_wconf 70' lang='lat' dir='ltr'><strong>ipsa</strong></span> <span class='ocrx_word' id='word_1_105' title='bbox 699 1195 750 1232; x_wconf 92' lang='lat' dir='ltr'><strong>nec</strong></span> <span class='ocrx_word' id='word_1_106' title='bbox 762 1196 844 1232; x_wconf 89' lang='lat' dir='ltr'><strong>aurae</strong></span> 
     </span>
    </p>

    <p class='ocr_par' dir='ltr' id='par_1_11' title="bbox 122 1246 848 1319">
     <span class='ocr_line' id='line_1_16' title="bbox 122 1246 848 1319; baseline 0 -18"><span class='ocrx_word' id='word_1_107' title='bbox 122 1251 180 1302; x_wconf 90' lang='lat' dir='ltr'><strong>Nec</strong></span> <span class='ocrx_word' id='word_1_108' title='bbox 194 1250 295 1301; x_wconf 89' lang='lat' dir='ltr'><strong>sonitus</strong></span> <span class='ocrx_word' id='word_1_109' title='bbox 307 1255 467 1300; x_wconf 87' lang='lat' dir='ltr'><strong>memorant</strong></span> <span class='ocrx_word' id='word_1_110' title='bbox 479 1246 612 1300; x_wconf 89' lang='lat' dir='ltr'><strong>venientis</strong></span> <span class='ocrx_word' id='word_1_111' title='bbox 622 1264 639 1298; x_wconf 89' lang='lat' dir='ltr'><strong>a</strong></span> <span class='ocrx_word' id='word_1_112' title='bbox 669 1248 779 1301; x_wconf 84' lang='lat' dir='ltr'><strong>aethere</strong></span> <span class='ocrx_word' id='word_1_113' title='bbox 793 1248 848 1319; x_wconf 87' lang='lat' dir='ltr'><strong>teli,</strong></span> 
     </span>
    </p>

    <p class='ocr_par' dir='ltr' id='par_1_12' title="bbox 122 1316 767 1385">
     <span class='ocr_line' id='line_1_17' title="bbox 122 1316 767 1385; baseline 0 -15"><span class='ocrx_word' id='word_1_114' title='bbox 122 1319 206 1370; x_wconf 88' lang='lat' dir='ltr'><strong>Hasta</strong></span> <span class='ocrx_word' id='word_1_115' title='bbox 218 1317 268 1371; x_wconf 92' lang='lat' dir='ltr'><strong>sub</strong></span> <span class='ocrx_word' id='word_1_116' title='bbox 280 1326 414 1369; x_wconf 85' lang='lat' dir='ltr'><strong>exsertam</strong></span> <span class='ocrx_word' id='word_1_117' title='bbox 426 1317 512 1368; x_wconf 91' lang='lat' dir='ltr'><strong>donec</strong></span> <span class='ocrx_word' id='word_1_118' title='bbox 525 1316 626 1384; x_wconf 87' lang='lat' dir='ltr'><strong>perlata</strong></span> <span class='ocrx_word' id='word_1_119' title='bbox 638 1317 767 1385; x_wconf 82' lang='lat' dir='ltr'><strong>papillam</strong></span> 
     </span>
    </p>

    <p class='ocr_par' dir='ltr' id='par_1_13' title="bbox 121 1385 972 1734">
     <span class='ocr_line' id='line_1_18' title="bbox 121 1385 796 1455; baseline 0.001 -16"><span class='ocrx_word' id='word_1_120' title='bbox 121 1389 221 1455; x_wconf 87' lang='lat' dir='ltr'>Haesit,</span> <span class='ocrx_word' id='word_1_121' title='bbox 235 1387 440 1454; x_wconf 88' lang='lat' dir='ltr'><strong>virgineumque</strong></span> <span class='ocrx_word' id='word_1_122' title='bbox 452 1385 506 1438; x_wconf 91' lang='lat' dir='ltr'><strong>alte</strong></span> <span class='ocrx_word' id='word_1_123' title='bbox 518 1385 584 1438; x_wconf 86' lang='lat' dir='ltr'>bibit</span> <span class='ocrx_word' id='word_1_124' title='bbox 596 1394 656 1437; x_wconf 90' lang='lat' dir='ltr'><strong>acta</strong></span> <span class='ocrx_word' id='word_1_125' title='bbox 668 1403 796 1440; x_wconf 87' lang='lat' dir='ltr'><strong>cruorem.</strong></span> 
     </span>
     <span class='ocr_line' id='line_1_19' title="bbox 121 1454 972 1524; baseline 0.001 -15"><span class='ocrx_word' id='word_1_126' title='bbox 121 1458 284 1509; x_wconf 89' lang='lat' dir='ltr'><strong>Concurrunt</strong></span> <span class='ocrx_word' id='word_1_127' title='bbox 296 1454 416 1524; x_wconf 88' lang='lat' dir='ltr'><strong>trepidae</strong></span> <span class='ocrx_word' id='word_1_128' title='bbox 429 1455 548 1522; x_wconf 86' lang='lat' dir='ltr'><strong>comites,</strong></span> <span class='ocrx_word' id='word_1_129' title='bbox 562 1454 751 1524; x_wconf 90' lang='lat' dir='ltr'><strong>dominamque</strong></span> <span class='ocrx_word' id='word_1_130' title='bbox 763 1465 885 1510; x_wconf 89' lang='lat' dir='ltr'><strong>ruentem</strong></span> <span class='ocrx_word' id='word_1_131' title='bbox 921 1461 972 1510; x_wconf 83' lang='grc'><strong>805</strong></span> 
     </span>
     <span class='ocr_line' id='line_1_20' title="bbox 121 1525 847 1596; baseline -0.001 -17"><span class='ocrx_word' id='word_1_132' title='bbox 121 1526 283 1596; x_wconf 87' lang='lat' dir='ltr'><strong>Suscipiunt.</strong></span> <span class='ocrx_word' id='word_1_133' title='bbox 320 1525 398 1593; x_wconf 86' lang='lat' dir='ltr'><strong>Fugit</strong></span> <span class='ocrx_word' id='word_1_134' title='bbox 410 1533 472 1577; x_wconf 90' lang='lat' dir='ltr'><strong>ante</strong></span> <span class='ocrx_word' id='word_1_135' title='bbox 485 1525 572 1577; x_wconf 88' lang='lat' dir='ltr'><strong>omnis</strong></span> <span class='ocrx_word' id='word_1_136' title='bbox 584 1525 727 1577; x_wconf 87' lang='lat' dir='ltr'><strong>exterritus</strong></span> <span class='ocrx_word' id='word_1_137' title='bbox 738 1527 847 1595; x_wconf 84' lang='lat' dir='ltr'><strong>Arruns,</strong></span> 
     </span>
     <span class='ocr_line' id='line_1_21' title="bbox 121 1592 845 1665; baseline -0.001 -17"><span class='ocrx_word' id='word_1_138' title='bbox 121 1596 235 1648; x_wconf 86' lang='lat' dir='ltr'><strong>Laetitia</strong></span> <span class='ocrx_word' id='word_1_139' title='bbox 247 1597 384 1665; x_wconf 84' lang='lat' dir='ltr'><strong>mixtoque</strong></span> <span class='ocrx_word' id='word_1_140' title='bbox 398 1602 480 1664; x_wconf 90' lang='lat' dir='ltr'><strong>metu,</strong></span> <span class='ocrx_word' id='word_1_141' title='bbox 494 1610 544 1646; x_wconf 93' lang='lat' dir='ltr'><strong>nec</strong></span> <span class='ocrx_word' id='word_1_142' title='bbox 555 1592 612 1662; x_wconf 79' lang='lat' dir='ltr'><strong>jam</strong></span> <span class='ocrx_word' id='word_1_143' title='bbox 624 1593 739 1664; x_wconf 89' lang='lat' dir='ltr'><strong>amplius</strong></span> <span class='ocrx_word' id='word_1_144' title='bbox 751 1595 845 1648; x_wconf 86' lang='lat' dir='ltr'><strong>bastae</strong></span> 
     </span>
     <span class='ocr_line' id='line_1_22' title="bbox 122 1662 754 1734; baseline -0.003 -16"><span class='ocrx_word' id='word_1_145' title='bbox 122 1666 244 1734; x_wconf 87' lang='lat' dir='ltr'><strong>Credere,</strong></span> <span class='ocrx_word' id='word_1_146' title='bbox 257 1681 308 1718; x_wconf 91' lang='lat' dir='ltr'><strong>nec</strong></span> <span class='ocrx_word' id='word_1_147' title='bbox 321 1664 382 1718; x_wconf 89' lang='lat' dir='ltr'><strong>telis</strong></span> <span class='ocrx_word' id='word_1_148' title='bbox 392 1679 530 1718; x_wconf 89' lang='lat' dir='ltr'><strong>occurrere</strong></span> <span class='ocrx_word' id='word_1_149' title='bbox 542 1663 652 1732; x_wconf 84' lang='lat' dir='ltr'><strong>virginis</strong></span> <span class='ocrx_word' id='word_1_150' title='bbox 664 1662 754 1717; x_wconf 89' lang='lat' dir='ltr'><strong>audet.</strong></span> 
     </span>
    </p>

    <p class='ocr_par' dir='ltr' id='par_1_14' title="bbox 121 1733 972 1856">
     <span class='ocr_line' id='line_1_23' title="bbox 121 1733 842 1804; baseline 0.001 -18"><span class='ocrx_word' id='word_1_151' title='bbox 121 1737 162 1786; x_wconf 81' lang='lat' dir='ltr'><strong>Ac</strong></span> <span class='ocrx_word' id='word_1_152' title='bbox 175 1735 247 1787; x_wconf 90' lang='lat' dir='ltr'><strong>velut</strong></span> <span class='ocrx_word' id='word_1_153' title='bbox 260 1735 311 1803; x_wconf 93' lang='lat' dir='ltr'><strong>ille,</strong></span> <span class='ocrx_word' id='word_1_154' title='bbox 326 1733 398 1804; x_wconf 89' lang='lat' dir='ltr'><strong>prius</strong></span> <span class='ocrx_word' id='word_1_155' title='bbox 409 1750 491 1802; x_wconf 91' lang='lat' dir='ltr'><strong>quam</strong></span> <span class='ocrx_word' id='word_1_156' title='bbox 504 1733 558 1786; x_wconf 83' lang='lat' dir='ltr'><strong>tela</strong></span> <span class='ocrx_word' id='word_1_157' title='bbox 569 1733 678 1786; x_wconf 87' lang='lat' dir='ltr'><strong>inimica</strong></span> <span class='ocrx_word' id='word_1_158' title='bbox 689 1741 842 1804; x_wconf 87' lang='lat' dir='ltr'><strong>sequantur,</strong></span> 
     </span>
     <span class='ocr_line' id='line_1_24' title="bbox 122 1801 972 1856; baseline 0.001 -1"><span class='ocrx_word' id='word_1_159' title='bbox 122 1805 249 1856; x_wconf 89' lang='lat' dir='ltr'><strong>Continuo</strong></span> <span class='ocrx_word' id='word_1_160' title='bbox 261 1804 287 1855; x_wconf 95' lang='lat' dir='ltr'><strong>in</strong></span> <span class='ocrx_word' id='word_1_161' title='bbox 300 1803 399 1855; x_wconf 90' lang='lat' dir='ltr'><strong>montis</strong></span> <span class='ocrx_word' id='word_1_162' title='bbox 410 1819 471 1854; x_wconf 89' lang='lat' dir='ltr'><strong>sese</strong></span> <span class='ocrx_word' id='word_1_163' title='bbox 483 1802 560 1854; x_wconf 85' lang='lat' dir='ltr'><strong>arius</strong></span> <span class='ocrx_word' id='word_1_164' title='bbox 570 1801 673 1854; x_wconf 88' lang='lat' dir='ltr'><strong>abdidit</strong></span> <span class='ocrx_word' id='word_1_165' title='bbox 684 1801 752 1855; x_wconf 89' lang='lat' dir='ltr'><strong>altos</strong></span> <span class='ocrx_word' id='word_1_166' title='bbox 920 1808 972 1856; x_wconf 91' lang='grc'><strong>810</strong></span> 
     </span>
    </p>
   </div>
   <div class='ocr_carea' id='block_1_3' title="bbox 121 1869 971 2339">
    <p class='ocr_par' dir='ltr' id='par_1_15' title="bbox 121 1869 699 1940">
     <span class='ocr_line' id='line_1_25' title="bbox 121 1869 699 1940; baseline -0.002 -16"><span class='ocrx_word' id='word_1_167' title='bbox 121 1873 214 1924; x_wconf 88' lang='lat' dir='ltr'><strong>Occiso</strong></span> <span class='ocrx_word' id='word_1_168' title='bbox 226 1880 330 1940; x_wconf 83' lang='lat' dir='ltr'><strong>pastore</strong></span> <span class='ocrx_word' id='word_1_169' title='bbox 342 1871 422 1940; x_wconf 90' lang='lat' dir='ltr'><strong>lupus</strong></span> <span class='ocrx_word' id='word_1_170' title='bbox 433 1886 565 1938; x_wconf 85' lang='lat' dir='ltr'><strong>magnove</strong></span> <span class='ocrx_word' id='word_1_171' title='bbox 576 1869 699 1940; x_wconf 81' lang='lat' dir='ltr'><strong>juvenco,</strong></span> 
     </span>
    </p>

    <p class='ocr_par' dir='ltr' id='par_1_16' title="bbox 122 1938 803 2008">
     <span class='ocr_line' id='line_1_26' title="bbox 122 1938 803 2008; baseline 0.001 -16"><span class='ocrx_word' id='word_1_172' title='bbox 122 1941 249 1993; x_wconf 88' lang='lat' dir='ltr'><strong>Conscius</strong></span> <span class='ocrx_word' id='word_1_173' title='bbox 260 1939 372 1992; x_wconf 88' lang='lat' dir='ltr'><strong>audacis</strong></span> <span class='ocrx_word' id='word_1_174' title='bbox 383 1939 455 2008; x_wconf 83' lang='lat' dir='ltr'><strong>lacti,</strong></span> <span class='ocrx_word' id='word_1_175' title='bbox 468 1938 637 2007; x_wconf 88' lang='lat' dir='ltr'><strong>caudamque</strong></span> <span class='ocrx_word' id='word_1_176' title='bbox 651 1938 803 1993; x_wconf 87' lang='lat' dir='ltr'><strong>remulcens</strong></span> 
     </span>
    </p>

    <p class='ocr_par' dir='ltr' id='par_1_17' title="bbox 121 2007 782 2079">
     <span class='ocr_line' id='line_1_27' title="bbox 121 2007 782 2079; baseline -0.002 -17"><span class='ocrx_word' id='word_1_177' title='bbox 121 2009 240 2079; x_wconf 87' lang='lat' dir='ltr'><strong>Subjecit</strong></span> <span class='ocrx_word' id='word_1_178' title='bbox 252 2009 417 2079; x_wconf 86' lang='lat' dir='ltr'><strong>pavitantem</strong></span> <span class='ocrx_word' id='word_1_179' title='bbox 430 2017 512 2076; x_wconf 90' lang='lat' dir='ltr'><strong>utero,</strong></span> <span class='ocrx_word' id='word_1_180' title='bbox 526 2007 661 2076; x_wconf 84' lang='lat' dir='ltr'><strong>silvasque</strong></span> <span class='ocrx_word' id='word_1_181' title='bbox 672 2008 782 2076; x_wconf 88' lang='lat' dir='ltr'><strong>petivit:</strong></span> 
     </span>
    </p>

    <p class='ocr_par' dir='ltr' id='par_1_18' title="bbox 121 2076 971 2284">
     <span class='ocr_line' id='line_1_28' title="bbox 122 2076 856 2150; baseline -0.001 -19"><span class='ocrx_word' id='word_1_182' title='bbox 122 2079 201 2131; x_wconf 88' lang='lat' dir='ltr'><strong>Haud</strong></span> <span class='ocrx_word' id='word_1_183' title='bbox 214 2094 293 2130; x_wconf 91' lang='lat' dir='ltr'><strong>secus</strong></span> <span class='ocrx_word' id='word_1_184' title='bbox 305 2095 339 2131; x_wconf 88' lang='lat' dir='ltr'><strong>ex</strong></span> <span class='ocrx_word' id='word_1_185' title='bbox 351 2076 434 2130; x_wconf 89' lang='lat' dir='ltr'><strong>oculis</strong></span> <span class='ocrx_word' id='word_1_186' title='bbox 446 2093 476 2130; x_wconf 88' lang='lat' dir='ltr'><strong>ss</strong></span> <span class='ocrx_word' id='word_1_187' title='bbox 490 2077 612 2130; x_wconf 90' lang='lat' dir='ltr'><strong>turbidus</strong></span> <span class='ocrx_word' id='word_1_188' title='bbox 624 2077 734 2130; x_wconf 87' lang='lat' dir='ltr'><strong>abstulit</strong></span> <span class='ocrx_word' id='word_1_189' title='bbox 745 2080 856 2150; x_wconf 83' lang='lat' dir='ltr'><strong>Arruns,</strong></span> 
     </span>
     <span class='ocr_line' id='line_1_29' title="bbox 121 2145 971 2216; baseline 0.001 -15"><span class='ocrx_word' id='word_1_190' title='bbox 121 2149 319 2216; x_wconf 88' lang='lat' dir='ltr'><strong>Contentusque</strong></span> <span class='ocrx_word' id='word_1_191' title='bbox 332 2146 396 2215; x_wconf 85' lang='lat' dir='ltr'><strong>fuga</strong></span> <span class='ocrx_word' id='word_1_192' title='bbox 408 2146 505 2199; x_wconf 89' lang='lat' dir='ltr'><strong>mediis</strong></span> <span class='ocrx_word' id='word_1_193' title='bbox 517 2162 547 2199; x_wconf 92' lang='lat' dir='ltr'><strong>se</strong></span> <span class='ocrx_word' id='word_1_194' title='bbox 559 2145 705 2199; x_wconf 87' lang='lat' dir='ltr'><strong>immiscuit</strong></span> <span class='ocrx_word' id='word_1_195' title='bbox 716 2147 807 2199; x_wconf 89' lang='lat' dir='ltr'><strong>armis.</strong></span> <span class='ocrx_word' id='word_1_196' title='bbox 920 2152 971 2202; x_wconf 79' lang='grc'><strong>815</strong></span> 
     </span>
     <span class='ocr_line' id='line_1_30' title="bbox 122 2214 821 2284; baseline 0.001 -14"><span class='ocrx_word' id='word_1_197' title='bbox 122 2218 171 2270; x_wconf 91' lang='lat' dir='ltr'><strong>Illa</strong></span> <span class='ocrx_word' id='word_1_198' title='bbox 183 2234 265 2270; x_wconf 89' lang='lat' dir='ltr'><strong>manu</strong></span> <span class='ocrx_word' id='word_1_199' title='bbox 277 2217 395 2269; x_wconf 90' lang='lat' dir='ltr'><strong>moriens</strong></span> <span class='ocrx_word' id='word_1_200' title='bbox 407 2215 493 2269; x_wconf 88' lang='lat' dir='ltr'><strong>telum</strong></span> <span class='ocrx_word' id='word_1_201' title='bbox 506 2214 600 2284; x_wconf 75' lang='lat' dir='ltr'><strong>trahit,</strong></span> <span class='ocrx_word' id='word_1_202' title='bbox 618 2231 679 2268; x_wconf 90' lang='lat' dir='ltr'><strong>ossa</strong></span> <span class='ocrx_word' id='word_1_203' title='bbox 690 2214 739 2270; x_wconf 89' lang='lat' dir='ltr'><strong>sed</strong></span> <span class='ocrx_word' id='word_1_204' title='bbox 751 2215 821 2271; x_wconf 87' lang='lat' dir='ltr'><strong>inter</strong></span> 
     </span>
    </p>

    <p class='ocr_par' dir='ltr' id='par_1_19' title="bbox 123 2284 745 2339">
     <span class='ocr_line' id='line_1_31' title="bbox 123 2284 745 2339; baseline 0 0"><span class='ocrx_word' id='word_1_205' title='bbox 123 2287 236 2339; x_wconf 88' lang='lat' dir='ltr'><strong>Ferreus</strong></span> <span class='ocrx_word' id='word_1_206' title='bbox 247 2286 282 2338; x_wconf 93' lang='lat' dir='ltr'><strong>ad</strong></span> <span class='ocrx_word' id='word_1_207' title='bbox 294 2294 382 2338; x_wconf 89' lang='lat' dir='ltr'><strong>costas</strong></span> <span class='ocrx_word' id='word_1_208' title='bbox 393 2285 447 2338; x_wconf 91' lang='lat' dir='ltr'><strong>alto</strong></span> <span class='ocrx_word' id='word_1_209' title='bbox 459 2292 512 2337; x_wconf 91' lang='lat' dir='ltr'><strong>stat</strong></span> <span class='ocrx_word' id='word_1_210' title='bbox 523 2284 633 2337; x_wconf 83' lang='lat' dir='ltr'><strong>vulnere</strong></span> <span class='ocrx_word' id='word_1_211' title='bbox 644 2288 745 2339; x_wconf 83' lang='lat' dir='ltr'><strong>mllcro.</strong></span> 
     </span>
    </p>
   </div>
   <div class='ocr_carea' id='block_1_4' title="bbox 122 2352 974 3255">
    <p class='ocr_par' dir='ltr' id='par_1_20' title="bbox 123 2352 718 2424">
     <span class='ocr_line' id='line_1_32' title="bbox 123 2352 718 2424; baseline -0.003 -16"><span class='ocrx_word' id='word_1_212' title='bbox 123 2356 234 2409; x_wconf 89' lang='lat' dir='ltr'><strong>Labitur</strong></span> <span class='ocrx_word' id='word_1_213' title='bbox 245 2354 388 2423; x_wconf 84' lang='lat' dir='ltr'><strong>exsanguis</strong></span> <span class='ocrx_word' id='word_1_214' title='bbox 394 2372 402 2424; x_wconf 81' lang='lat'>3</span> <span class='ocrx_word' id='word_1_215' title='bbox 421 2353 545 2407; x_wconf 90' lang='lat' dir='ltr'><strong>labuntur</strong></span> <span class='ocrx_word' id='word_1_216' title='bbox 556 2352 653 2421; x_wconf 85' lang='lat' dir='ltr'><strong>frigida</strong></span> <span class='ocrx_word' id='word_1_217' title='bbox 664 2354 718 2407; x_wconf 90' lang='lat' dir='ltr'><strong>leto</strong></span> 
     </span>
    </p>

    <p class='ocr_par' dir='ltr' id='par_1_21' title="bbox 122 2423 832 2494">
     <span class='ocr_line' id='line_1_33' title="bbox 122 2423 832 2494; baseline 0.001 -18"><span class='ocrx_word' id='word_1_218' title='bbox 122 2425 251 2493; x_wconf 72' lang='lat' dir='ltr'><strong>Lumina,</strong></span> <span class='ocrx_word' id='word_1_219' title='bbox 269 2440 417 2494; x_wconf 89' lang='lat' dir='ltr'><strong>purpureus</strong></span> <span class='ocrx_word' id='word_1_220' title='bbox 429 2423 565 2494; x_wconf 91' lang='lat' dir='ltr'><strong>quondam</strong></span> <span class='ocrx_word' id='word_1_221' title='bbox 577 2423 648 2476; x_wconf 92' lang='lat' dir='ltr'><strong>color</strong></span> <span class='ocrx_word' id='word_1_222' title='bbox 658 2439 705 2476; x_wconf 88' lang='lat' dir='ltr'><strong>ora</strong></span> <span class='ocrx_word' id='word_1_223' title='bbox 716 2423 832 2493; x_wconf 89' lang='lat' dir='ltr'><strong>reliquit.</strong></span> 
     </span>
    </p>

    <p class='ocr_par' dir='ltr' id='par_1_22' title="bbox 123 2491 972 2633">
     <span class='ocr_line' id='line_1_34' title="bbox 123 2491 972 2564; baseline 0 -18"><span class='ocrx_word' id='word_1_224' title='bbox 123 2496 195 2546; x_wconf 86' lang='lat' dir='ltr'><strong>Tum</strong></span> <span class='ocrx_word' id='word_1_225' title='bbox 207 2495 245 2546; x_wconf 89' lang='lat' dir='ltr'><strong>sic</strong></span> <span class='ocrx_word' id='word_1_226' title='bbox 257 2493 395 2563; x_wconf 82' lang='lat' dir='ltr'><strong>exspirans</strong></span> <span class='ocrx_word' id='word_1_227' title='bbox 406 2495 518 2562; x_wconf 87' lang='lat' dir='ltr'><strong>Accam,</strong></span> <span class='ocrx_word' id='word_1_228' title='bbox 532 2509 566 2546; x_wconf 82' lang='lat' dir='ltr'><strong>err</strong></span> <span class='ocrx_word' id='word_1_229' title='bbox 577 2491 736 2561; x_wconf 85' lang='lat' dir='ltr'><strong>aequalibus</strong></span> <span class='ocrx_word' id='word_1_230' title='bbox 747 2510 837 2564; x_wconf 89' lang='lat' dir='ltr'><strong>unam,</strong></span> <span class='ocrx_word' id='word_1_231' title='bbox 921 2498 972 2546; x_wconf 81' lang='lat'><strong>820</strong></span> 
     </span>
     <span class='ocr_line' id='line_1_35' title="bbox 123 2561 815 2633; baseline -0.003 -17"><span class='ocrx_word' id='word_1_232' title='bbox 123 2564 275 2632; x_wconf 88' lang='lat' dir='ltr'><strong>Alloquitur</strong></span> <span class='ocrx_word' id='word_1_233' title='bbox 282 2579 290 2631; x_wconf 87' lang='lat'>;</span> <span class='ocrx_word' id='word_1_234' title='bbox 308 2563 362 2616; x_wconf 83' lang='lat' dir='ltr'><strong>tide</strong></span> <span class='ocrx_word' id='word_1_235' title='bbox 373 2570 436 2616; x_wconf 90' lang='lat' dir='ltr'><strong>ante</strong></span> <span class='ocrx_word' id='word_1_236' title='bbox 448 2562 515 2615; x_wconf 88' lang='lat' dir='ltr'><strong>alias</strong></span> <span class='ocrx_word' id='word_1_237' title='bbox 526 2579 597 2630; x_wconf 90' lang='lat' dir='ltr'><strong>quae</strong></span> <span class='ocrx_word' id='word_1_238' title='bbox 610 2561 666 2614; x_wconf 91' lang='lat' dir='ltr'><strong>sola</strong></span> <span class='ocrx_word' id='word_1_239' title='bbox 677 2561 815 2633; x_wconf 91' lang='lat' dir='ltr'><strong>Camillae,</strong></span> 
     </span>
    </p>

    <p class='ocr_par' dir='ltr' id='par_1_23' title="bbox 123 2630 768 2701">
     <span class='ocr_line' id='line_1_36' title="bbox 123 2630 768 2701; baseline 0 -17"><span class='ocrx_word' id='word_1_240' title='bbox 123 2632 240 2690; x_wconf 81' lang='lat' dir='ltr'><strong>Quicum</strong></span> <span class='ocrx_word' id='word_1_241' title='bbox 251 2631 340 2701; x_wconf 87' lang='lat' dir='ltr'><strong>partiri</strong></span> <span class='ocrx_word' id='word_1_242' title='bbox 351 2647 444 2700; x_wconf 72' lang='lat' dir='ltr'><strong>curas,</strong></span> <span class='ocrx_word' id='word_1_243' title='bbox 462 2641 542 2699; x_wconf 89' lang='lat' dir='ltr'><strong>atque</strong></span> <span class='ocrx_word' id='word_1_244' title='bbox 555 2631 623 2687; x_wconf 83' lang='lat' dir='ltr'><strong>haec</strong></span> <span class='ocrx_word' id='word_1_245' title='bbox 635 2631 672 2683; x_wconf 93' lang='lat' dir='ltr'><strong>ita</strong></span> <span class='ocrx_word' id='word_1_246' title='bbox 683 2630 768 2684; x_wconf 88' lang='lat' dir='ltr'><strong>satur:</strong></span> 
     </span>
    </p>

    <p class='ocr_par' dir='ltr' id='par_1_24' title="bbox 124 2698 903 2837">
     <span class='ocr_line' id='line_1_37' title="bbox 125 2698 903 2768; baseline 0 -15"><span class='ocrx_word' id='word_1_247' title='bbox 125 2702 284 2768; x_wconf 86' lang='lat' dir='ltr'><strong>‘Hactenus,</strong></span> <span class='ocrx_word' id='word_1_248' title='bbox 297 2703 372 2752; x_wconf 88' lang='lat' dir='ltr'><strong>Acca</strong></span> <span class='ocrx_word' id='word_1_249' title='bbox 385 2717 462 2768; x_wconf 89' lang='lat' dir='ltr'><strong>soror,</strong></span> <span class='ocrx_word' id='word_1_250' title='bbox 476 2700 565 2768; x_wconf 74' lang='lat' dir='ltr'><strong>potui,</strong></span> <span class='ocrx_word' id='word_1_251' title='bbox 583 2715 654 2751; x_wconf 92' lang='lat' dir='ltr'><strong>nunc</strong></span> <span class='ocrx_word' id='word_1_252' title='bbox 667 2698 763 2751; x_wconf 87' lang='lat' dir='ltr'><strong>vulnus</strong></span> <span class='ocrx_word' id='word_1_253' title='bbox 774 2699 903 2753; x_wconf 89' lang='lat' dir='ltr'><strong>acerbum</strong></span> 
     </span>
     <span class='ocr_line' id='line_1_38' title="bbox 124 2766 798 2837; baseline -0.003 -15"><span class='ocrx_word' id='word_1_254' title='bbox 124 2769 242 2837; x_wconf 90' lang='lat' dir='ltr'><strong>Conficit,</strong></span> <span class='ocrx_word' id='word_1_255' title='bbox 256 2777 283 2822; x_wconf 90' lang='lat' dir='ltr'><strong>et</strong></span> <span class='ocrx_word' id='word_1_256' title='bbox 295 2769 577 2835; x_wconf 61' lang='lat' dir='ltr'><strong>tenebris‘nigrescunt</strong></span> <span class='ocrx_word' id='word_1_257' title='bbox 588 2767 677 2819; x_wconf 90' lang='lat' dir='ltr'><strong>ornnia</strong></span> <span class='ocrx_word' id='word_1_258' title='bbox 688 2766 798 2820; x_wconf 90' lang='lat' dir='ltr'><strong>circum.</strong></span> 
     </span>
    </p>

    <p class='ocr_par' dir='ltr' id='par_1_25' title="bbox 124 2835 973 2977">
     <span class='ocr_line' id='line_1_39' title="bbox 124 2835 973 2907; baseline -0.005 -15"><span class='ocrx_word' id='word_1_259' title='bbox 124 2838 221 2907; x_wconf 84' lang='lat' dir='ltr'><strong>Effuge</strong></span> <span class='ocrx_word' id='word_1_260' title='bbox 235 2847 261 2891; x_wconf 93' lang='lat' dir='ltr'><strong>et</strong></span> <span class='ocrx_word' id='word_1_261' title='bbox 273 2838 342 2890; x_wconf 85' lang='lat' dir='ltr'><strong>haec</strong></span> <span class='ocrx_word' id='word_1_262' title='bbox 353 2837 442 2890; x_wconf 87' lang='lat' dir='ltr'><strong>Turno</strong></span> <span class='ocrx_word' id='word_1_263' title='bbox 454 2836 580 2889; x_wconf 90' lang='lat' dir='ltr'><strong>mandata</strong></span> <span class='ocrx_word' id='word_1_264' title='bbox 591 2835 735 2889; x_wconf 87' lang='lat' dir='ltr'><strong>novissima</strong></span> <span class='ocrx_word' id='word_1_265' title='bbox 747 2837 849 2905; x_wconf 82' lang='lat' dir='ltr'><strong>perfer:</strong></span> <span class='ocrx_word' id='word_1_266' title='bbox 921 2841 973 2889; x_wconf 74' lang='lat'><strong>825</strong></span> 
     </span>
     <span class='ocr_line' id='line_1_40' title="bbox 124 2905 751 2977; baseline -0.005 -16"><span class='ocrx_word' id='word_1_267' title='bbox 124 2907 255 2961; x_wconf 88' lang='lat' dir='ltr'><strong>Succedat</strong></span> <span class='ocrx_word' id='word_1_268' title='bbox 266 2922 372 2977; x_wconf 86' lang='lat' dir='ltr'><strong>pugnae</strong></span> <span class='ocrx_word' id='word_1_269' title='bbox 383 2905 564 2975; x_wconf 72' lang='lat' dir='ltr'><strong>Troianosque</strong></span> <span class='ocrx_word' id='word_1_270' title='bbox 576 2912 666 2957; x_wconf 88' lang='lat' dir='ltr'><strong>arceat</strong></span> <span class='ocrx_word' id='word_1_271' title='bbox 679 2905 751 2958; x_wconf 87' lang='lat' dir='ltr'><strong>urbe.</strong></span> 
     </span>
    </p>

    <p class='ocr_par' dir='ltr' id='par_1_26' title="bbox 124 2973 889 3046">
     <span class='ocr_line' id='line_1_41' title="bbox 124 2973 889 3046; baseline -0.003 -16"><span class='ocrx_word' id='word_1_272' title='bbox 124 2978 240 3046; x_wconf 89' lang='lat' dir='ltr'><strong>Jamque</strong></span> <span class='ocrx_word' id='word_1_273' title='bbox 252 2977 331 3029; x_wconf 82' lang='lat' dir='ltr'><strong>vale.⁷</strong></span> <span class='ocrx_word' id='word_1_274' title='bbox 368 2974 452 3028; x_wconf 90' lang='lat' dir='ltr'><strong>Simul</strong></span> <span class='ocrx_word' id='word_1_275' title='bbox 465 2973 507 3026; x_wconf 90' lang='lat' dir='ltr'><strong>his</strong></span> <span class='ocrx_word' id='word_1_276' title='bbox 518 2974 600 3026; x_wconf 90' lang='lat' dir='ltr'><strong>dictis</strong></span> <span class='ocrx_word' id='word_1_277' title='bbox 612 2973 748 3042; x_wconf 91' lang='lat' dir='ltr'><strong>linquebat</strong></span> <span class='ocrx_word' id='word_1_278' title='bbox 760 2973 889 3046; x_wconf 87' lang='lat' dir='ltr'><strong>habenas,</strong></span> 
     </span>
    </p>

    <p class='ocr_par' dir='ltr' id='par_1_27' title="bbox 124 3041 834 3182">
     <span class='ocr_line' id='line_1_42' title="bbox 124 3041 834 3113; baseline -0.003 -14"><span class='ocrx_word' id='word_1_279' title='bbox 124 3046 167 3099; x_wconf 86' lang='lat' dir='ltr'><strong>Ad</strong></span> <span class='ocrx_word' id='word_1_280' title='bbox 180 3055 278 3099; x_wconf 86' lang='lat' dir='ltr'><strong>terram</strong></span> <span class='ocrx_word' id='word_1_281' title='bbox 290 3062 342 3098; x_wconf 92' lang='lat' dir='ltr'><strong>non</strong></span> <span class='ocrx_word' id='word_1_282' title='bbox 354 3053 447 3113; x_wconf 89' lang='lat' dir='ltr'><strong>sponte</strong></span> <span class='ocrx_word' id='word_1_283' title='bbox 459 3044 552 3096; x_wconf 88' lang='lat' dir='ltr'><strong>fluens.</strong></span> <span class='ocrx_word' id='word_1_284' title='bbox 590 3044 660 3096; x_wconf 90' lang='lat' dir='ltr'><strong>Tum</strong></span> <span class='ocrx_word' id='word_1_285' title='bbox 673 3041 768 3112; x_wconf 80' lang='lat' dir='ltr'><strong>frigida</strong></span> <span class='ocrx_word' id='word_1_286' title='bbox 781 3053 834 3097; x_wconf 91' lang='lat' dir='ltr'><strong>toto</strong></span> 
     </span>
     <span class='ocr_line' id='line_1_43' title="bbox 126 3111 772 3182; baseline -0.005 -15"><span class='ocrx_word' id='word_1_287' title='bbox 126 3115 259 3169; x_wconf 88' lang='lat' dir='ltr'><strong>Paulatim</strong></span> <span class='ocrx_word' id='word_1_288' title='bbox 272 3113 384 3168; x_wconf 83' lang='lat' dir='ltr'><strong>exsolvit</strong></span> <span class='ocrx_word' id='word_1_289' title='bbox 396 3131 424 3166; x_wconf 93' lang='lat' dir='ltr'><strong>se</strong></span> <span class='ocrx_word' id='word_1_290' title='bbox 437 3129 552 3182; x_wconf 88' lang='lat' dir='ltr'><strong>corpore,</strong></span> <span class='ocrx_word' id='word_1_291' title='bbox 566 3111 691 3181; x_wconf 87' lang='lat' dir='ltr'><strong>lentaque</strong></span> <span class='ocrx_word' id='word_1_292' title='bbox 703 3112 772 3165; x_wconf 89' lang='lat' dir='ltr'><strong>colla</strong></span> 
     </span>
    </p>

    <p class='ocr_par' dir='ltr' id='par_1_28' title="bbox 125 3181 974 3255">
     <span class='ocr_line' id='line_1_44' title="bbox 125 3181 974 3255; baseline -0.005 -17"><span class='ocrx_word' id='word_1_293' title='bbox 125 3185 160 3238; x_wconf 87' lang='lat' dir='ltr'><strong>Et</strong></span> <span class='ocrx_word' id='word_1_294' title='bbox 172 3193 282 3255; x_wconf 89' lang='lat' dir='ltr'><strong>captum</strong></span> <span class='ocrx_word' id='word_1_295' title='bbox 293 3184 347 3237; x_wconf 92' lang='lat' dir='ltr'><strong>leto</strong></span> <span class='ocrx_word' id='word_1_296' title='bbox 359 3183 446 3253; x_wconf 92' lang='lat' dir='ltr'><strong>posuit</strong></span> <span class='ocrx_word' id='word_1_297' title='bbox 458 3191 545 3252; x_wconf 89' lang='lat' dir='ltr'><strong>caput,</strong></span> <span class='ocrx_word' id='word_1_298' title='bbox 558 3199 633 3234; x_wconf 89' lang='lat' dir='ltr'><strong>arma</strong></span> <span class='ocrx_word' id='word_1_299' title='bbox 646 3181 807 3253; x_wconf 87' lang='lat' dir='ltr'><strong>relinquens,</strong></span> <span class='ocrx_word' id='word_1_300' title='bbox 921 3185 974 3235; x_wconf 84' lang='grc'><strong>880</strong></span> 
     </span>
    </p>
   </div>
   <div class='ocr_carea' id='block_1_5' title="bbox 55 3317 970 3491">
    <p class='ocr_par' dir='ltr' id='par_1_29' title="bbox 55 3317 970 3491">
     <span class='ocr_line' id='line_1_45' title="bbox 84 3317 970 3380; baseline -0.001 -10"><span class='ocrx_word' id='word_1_301' title='bbox 84 3323 139 3371; x_wconf 84' lang='grc'><strong>788.</strong></span> <span class='ocrx_word' id='word_1_302' title='bbox 157 3320 291 3368; x_wconf 76' lang='lat' dir='ltr'><strong>Preminrus</strong></span> <span class='ocrx_word' id='word_1_303' title='bbox 298 3337 309 3376; x_wconf 87' lang='grc'><strong>,·</strong></span> <span class='ocrx_word' id='word_1_304' title='bbox 328 3319 393 3368; x_wconf 82' lang='lat' dir='ltr'><strong>what</strong></span> <span class='ocrx_word' id='word_1_305' title='bbox 405 3319 426 3368; x_wconf 91' lang='lat' dir='ltr'><strong>is</strong></span> <span class='ocrx_word' id='word_1_306' title='bbox 437 3318 517 3368; x_wconf 88' lang='lat' dir='ltr'><strong>below</strong></span> <span class='ocrx_word' id='word_1_307' title='bbox 528 3334 625 3378; x_wconf 89' lang='lat' dir='ltr'><strong>presses</strong></span> <span class='ocrx_word' id='word_1_308' title='bbox 637 3319 750 3380; x_wconf 85' lang='lat' dir='ltr'><strong>upwards</strong></span> <span class='ocrx_word' id='word_1_309' title='bbox 766 3335 798 3369; x_wconf 92' lang='lat' dir='ltr'><strong>on</strong></span> <span class='ocrx_word' id='word_1_310' title='bbox 815 3319 857 3368; x_wconf 88' lang='lat' dir='ltr'><strong>the</strong></span> <span class='ocrx_word' id='word_1_311' title='bbox 874 3317 932 3370; x_wconf 88' lang='lat' dir='ltr'><strong>scot.</strong></span> <span class='ocrx_word' id='word_1_312' title='bbox 943 3341 970 3353; x_wconf 87' lang='lat'><strong>-·</strong></span> 
     </span>
     <span class='ocr_line' id='line_1_46' title="bbox 55 3377 605 3491; baseline 0.002 -66"><span class='ocrx_word' id='word_1_313' title='bbox 55 3383 110 3430; x_wconf 67' lang='lat'><strong>793.</strong></span> <span class='ocrx_word' id='word_1_314' title='bbox 128 3379 256 3490; x_wconf 52' lang='lat' dir='ltr'><strong>Ad33rrbes,</strong></span> <span class='ocrx_word' id='word_1_315' title='bbox 269 3380 285 3428; x_wconf 93' lang='lat' dir='ltr'><strong>i.</strong></span> <span class='ocrx_word' id='word_1_316' title='bbox 299 3384 320 3428; x_wconf 80' lang='lat'><strong>2.</strong></span> <span class='ocrx_word' id='word_1_317' title='bbox 329 3383 410 3428; x_wconf 76' lang='lat' dir='ltr'><strong>-ste</strong></span> <span class='ocrx_word' id='word_1_318' title='bbox 434 3377 539 3491; x_wconf 58' lang='grc' dir='ltr'><strong>0002οἓ</strong></span> <span class='ocrx_word' id='word_1_319' title='bbox 550 3395 605 3438; x_wconf 89' lang='lat' dir='ltr'><strong>qua.</strong></span> 
     </span>
    </p>
   </div>
   <div class='ocr_carea' id='block_1_6' title="bbox 0 0 1052 3622">
    <p class='ocr_par' dir='ltr' id='par_1_30' title="bbox 0 0 1052 3622">
     <span class='ocr_line' id='line_1_47' title="bbox 0 0 1052 3622; baseline 0 0"><span class='ocrx_word' id='word_1_320' title='bbox 0 0 1052 3622; x_wconf 95' lang='lat' dir='ltr'><strong> </strong></span> 
     </span>
    </p>
   </div>
  </div>
 </body>
</html>
