2086 3622
407 181 498 220 ursus
518 182 560 222 xr.
892 165 950 222 lll-

101 312 127 364 N
129 327 160 362 ec
173 308 314 378 quisquam
327 308 449 361 instantis
459 310 578 362 Teucros
590 310 730 378 letumque
742 309 852 362 serentis

102 380 255 432 Sustentare
267 378 339 431 valet
352 378 421 447 telis,
434 389 481 431 aut
494 379 588 432 sistere
601 386 706 447 contra,

103 449 155 502 Sed
168 448 242 500 laxos
254 448 371 501 referunt
384 447 503 500 humeris
515 447 704 516 languentibus
715 463 800 518 arcus,
867 473 869 477 >

103 517 365 587 Quadrupedumque
389 526 495 586 putrem
519 534 599 570 cursu
622 517 707 587 quatit
730 517 830 586 ungula
853 533 923 571 cam·

192 604 246 639 um.
899 589 951 639 875

103 605 224 708 Volviiur
235 655 269 708 ad
283 672 372 709 muros
384 655 498 722 caligine
511 654 630 708 turbidus
641 664 699 709 atra
856 721 858 724 y

104 726 203 793 Pulvis,
218 734 244 776 et
257 742 272 776 e
285 725 402 794 speculis
413 741 556 792 percussae
568 734 676 792 pectora
688 736 788 779 matres

105 794 264 845 Femineum
278 794 422 846 clamorem
435 792 470 845 ad
482 793 550 845 coeli
563 793 651 846 sidera
662 795 767 849 tollunt.

105 863 157 920 Qui
170 879 249 915 cursu
261 871 348 931 portas
359 863 438 931 primi
452 863 569 931 irrupere
582 864 705 934 patentis,

104 932 160 983 Hos
172 932 281 984 inimica
293 948 373 1000 super
384 932 466 984 mixto
478 931 576 1001 premit
587 933 696 1000 agmine
708 931 802 1001 turba,
901 935 953 984 880
1001 984 1005 992 ,

104 1001 165 1053 Nec
178 1002 304 1053 miseram
316 1000 447 1069 effugiunt
458 1010 580 1070 mortem,
594 1000 643 1053 sed
655 1001 748 1055 limine
760 1001 786 1055 in
799 1001 865 1072 ipso,

106 1070 249 1122 Moenibus
261 1071 287 1122 in
300 1071 390 1139 patriis
401 1078 481 1139 atque
494 1071 561 1122 inter
573 1079 630 1122 tuta
641 1070 781 1124 domorum

107 1139 206 1191 Confixi
220 1139 339 1208 expirant
351 1139 464 1192 animas.
500 1139 565 1191 Pars
576 1140 702 1192 claudere
714 1148 814 1208 portas,

106 1208 165 1260 Nec
178 1208 256 1260 sociis
268 1208 369 1278 aperire
381 1209 462 1277 viam,
475 1225 526 1260 nec
537 1208 680 1261 moenibus
691 1209 791 1261 audent

106 1278 236 1346 Accipere
249 1278 362 1346 orantis,
380 1277 513 1345 oriturque
525 1277 675 1330 miserrima
687 1278 786 1330 caedes
903 1280 955 1329 885

106 1345 305 1399 Defendentum
317 1346 400 1398 armis
411 1346 507 1413 aditus,
521 1346 601 1414 inque
613 1362 687 1398 arrna
700 1357 833 1399 ruentum.

108 1415 227 1484 Exclusi,
239 1424 301 1467 ante
314 1416 404 1467 oculos
417 1415 658 1484 lacrimantumque
670 1432 716 1467 ora
726 1423 877 1486 parentum,

107 1484 173 1536 Pars
185 1485 212 1536 in
222 1485 373 1554 praecipitis
385 1484 470 1536 fossas
481 1493 611 1552 urguente
623 1485 699 1537 ruina

107 1552 233 1622 Volvitur,
248 1554 376 1607 immissis
386 1570 448 1624 pars
459 1570 543 1606 caeca
554 1562 582 1606 et
594 1554 697 1606 concita
708 1553 791 1607 frenis

108 1623 212 1678 Arietat
225 1625 253 1676 in
264 1632 352 1693 portas
365 1632 392 1675 et
404 1623 483 1676 duros
494 1622 582 1693 objice
594 1623 687 1694 postis.
904 1626 956 1676 890

107 1691 185 1760 Ipsae
198 1693 232 1745 de
244 1694 328 1746 muris
341 1709 445 1746 summo
459 1693 605 1746 certamine
617 1701 752 1747 matres-

108 1760 239 1814 Monstrat
251 1779 326 1815 arnor
337 1779 416 1814 verus
426 1762 591 1831 patriae—ut
603 1762 694 1815 videre
706 1761 857 1834 Camillam,

108 1829 176 1881 Tela
187 1848 267 1884 manu
280 1831 399 1900 trepidae
410 1831 519 1900 jaciunt,
533 1848 566 1884 ac
579 1831 671 1884 robore
683 1831 748 1883 duro

109 1898 247 1968 Stipitibus
259 1900 359 1953 serrum
372 1900 537 1968 sudibusque
550 1902 687 1953 imitantur
698 1900 800 1953 obustis

109 1968 280 2037 Praecipites,
294 1970 450 2038 primaeque
462 1969 527 2020 mori
540 1986 585 2038 pro
597 1969 739 2022 moenibus
749 1968 852 2022 ardent.
905 1971 957 2022 895

144 2037 250 2090 Interea
262 2039 383 2090 Turnum
395 2039 421 2091 in
435 2037 508 2090 silvis
521 2039 696 2090 saevissimus
708 2037 802 2106 implet

55 2164 58 2168 .
109 2106 232 2176 Nuntius,
246 2118 273 2159 et
284 2107 376 2176 juveni
387 2108 522 2175 ingentem
535 2107 587 2159 lert
598 2109 673 2160 Acca
683 2107 844 2160 tumultum:

110 2176 220 2228 Deletae
231 2176 388 2229 Volscorurn
401 2178 482 2246 aclea,
496 2177 625 2229 cecidisse
637 2175 788 2246 Camillam,

109 2245 235 2313 ingruere
248 2246 364 2298 infensos
376 2245 465 2314 hostis,
479 2253 506 2297 et
518 2246 608 2298 Marte
620 2244 739 2298 secundo

111 2315 207 2366 Omnia
219 2315 384 2384 corripuisse,
397 2324 500 2368 metum
511 2315 567 2384 jarn
580 2314 615 2367 ad
626 2315 734 2367 moenia
746 2312 817 2367 ferri.
906 2317 958 2366 900

110 2383 159 2436 Ille
171 2384 326 2436 furens—et
338 2401 420 2436 saeva
431 2384 504 2438 Jovis
516 2384 555 2436 sic
567 2385 677 2437 numina
707 2391 837 2436 oscunt-
918 2422 922 2435 .

111 2453 216 2506 Deserit
228 2454 351 2508 obsessos
363 2453 445 2524 collis,
458 2470 569 2506 nemora
580 2470 674 2522 aspera
686 2400 791 2522 iinqu'it.
852 2519 855 2523 ⁸
910 2462 954 2503 et.

111 2523 162 2575 Vix
175 2539 190 2574 e
203 2533 346 2593 conspectu
359 2524 461 2576 exierat
473 2539 653 2592 campumque
667 2523 776 2575 tenebat

111 2591 180 2644 Cum
191 2601 267 2661 pater
278 2595 395 2661 Aeneas,
409 2592 492 2645 saltus
504 2593 639 2660 ingressus
651 2600 764 2661 apertos,

112 2660 315 2729 Exsuperatqne
327 2660 419 2729 jugum
433 2661 554 2729 silvaque
566 2661 655 2713 evadit
667 2677 760 2729 opaca.
908 2662 959 2710 905

112 2728 154 2780 Sic
167 2729 246 2781 ambo
258 2729 293 2781 ad
305 2746 396 2781 muros
409 2729 493 2798 rapidi
506 2738 612 2797 totoque
624 2729 745 2781 feruntur

112 2799 237 2867 Agmine,
250 2814 302 2850 nee
314 2797 400 2866 longis
410 2798 478 2850 inter
490 2814 519 2850 se
531 2797 656 2868 passibus
666 2797 778 2850 absunt:

72 2947 125 2992 875.
143 2944 190 2991 See
201 2945 251 2992 viii.
262 2947 315 2992 596.
323 2947 412 2992 -880
429 2944 468 2992 As
479 2943 520 2991 the
532 2943 614 2991 crowd
624 2942 652 2990 of
659 2943 731 2991 Latin
741 2942 856 3004 fugitives
866 2943 958 3003 imped-

43 3002 84 3062 ing
93 3003 134 3050 the
143 3013 257 3051 entrance
266 3019 317 3051 was
326 3019 340 3052 a
348 3017 433 3051 source
442 3003 470 3051 of
476 3003 607 3050 additional
616 3008 703 3064 (saper)
713 3002 811 3062 danger,
820 3002 838 3050 it
849 3002 871 3051 is
881 3002 960 3051 called

44 3064 150 3109 inimica:
179 3063 270 3110 Others
286 3063 349 3110 refer
359 3065 427 3110 turba
438 3071 463 3110 to
476 3063 517 3110 the
529 3061 959 3176 T¹ij¹1²fl2³,ssssssihffflbbpefflssff

43 3119 109 3168 close
120 3120 313 3169 behind-888.
326 3122 418 3174 Ruina.
432 3121 473 3168 the
484 3120 567 3169 rusho
663 3180 668 3189 .
834 3171 841 3182 ,

43 3178 961 3287 ‘Uim‘’illifillbllaT-llllfflzr'leia‘lhsshdffhlllfflliligllllt

43 3247 145 3353 bieurifs‘
153 3254 226 3344 wlien
237 3298 277 3346 the
304 3256 355 3346 sgaw
365 3275 521 3346 c'amilla'sall
529 3296 546 3356 ς’
564 3299 616 3353 but,
633 3303 674 3346 ‘as
685 3297 744 3358 they
754 3297 816 3345 have
827 3296 924 3345 learned
935 3305 962 3345 to

43 3354 152 3425 do'frorn
168 3358 252 3418 seeing
292 3358 396 3407 amilla's
412 3357 499 3416 feats3’
523 3356 581 3418 only
597 3356 641 3406 she
656 3357 735 3406 threw
751 3355 810 3414 real,
827 3355 888 3418 they
902 3355 961 3416 only

44 3424 164 3485 rmrtouon
174 3431 265 3476 spears.
