2086 3622
395 236 486 274 LIBER
506 238 535 274 X.

70 364 131 418 Non
143 363 193 432 ipsi
206 363 273 416 inter
285 380 321 429 se,
336 380 387 417 non
399 364 497 434 nubila,
512 382 562 417 non
575 381 648 416 mare
661 364 749 431 cedit3

71 437 180 502 Anceps
191 451 281 512 pugna
293 433 355 501 diu,
374 443 443 485 stant
455 435 551 487 obnixa
563 435 652 485 omnia
664 443 768 487 contra:

72 502 150 556 Haud
162 503 239 554 ahter
251 503 381 570 Trojanae
394 502 468 554 acies
480 505 604 571 aciesque
618 504 727 554 Latinae
866 505 913 555 36ss

73 574 235 626 Concurrunt
243 588 250 641 3
270 572 361 624 haeret
373 573 441 640 pede
454 590 501 640 pes
515 573 666 640 densusque
679 573 733 624 viro
745 572 793 624 vir.

107 646 143 695 At
156 651 228 710 parte
242 641 345 714 exalia,
359 658 411 708 qua
424 657 488 692 saxa
499 639 611 692 rotantia
622 643 675 693 late

72 713 217 780 Impulerat
230 719 330 762 torrens
341 711 501 776 arbustaque
514 711 600 762 diruta
613 711 682 779 ripis,

72 782 198 847 Arcadas,
213 781 331 831 insuetos
342 779 416 830 acies
428 779 524 830 inferre
537 779 673 847 pedestris,

72 850 108 902 Ut
122 849 188 901 vidit
201 849 289 900 Pallas
302 848 375 900 Latio
388 849 451 899 dare
464 856 538 915 terga
549 849 694 916 sequaci-
867 853 914 901 365

73 921 176 987 Aspera
189 918 249 986 quis
261 927 354 969 natura
366 917 416 969 loci
429 917 564 970 dimittere
576 917 681 985 quando

72 988 160 1040 Suasit
172 1003 383 1055 equos-unum
396 988 466 1054 quod
479 987 559 1039 rebus
571 994 652 1038 restat
665 985 766 1056 egenis,

73 1058 152 1110 Nunc
164 1072 251 1124 prece,
265 1073 336 1108 nunc
347 1055 425 1107 dictis
439 1057 561 1108 virtutem
574 1056 695 1108 accendit
707 1054 820 1109 amaris:

74 1126 144 1183 ‘Quo
157 1125 254 1191 fugitis,
269 1125 352 1177 sociil
370 1142 425 1194 per,
439 1142 493 1192 voS,
507 1134 533 1176 et
544 1125 623 1176 sortia
635 1125 713 1193 sacta,

73 1195 124 1246 Per
136 1193 213 1246 ducis
226 1193 341 1246 Evandri
354 1210 458 1261 nomen,
472 1193 630 1260 devictaque
643 1193 722 1260 bella,
865 1197 915 1246 370

73 1263 207 1331 Spemque
220 1279 317 1330 meam,
331 1263 431 1329 patriae
444 1279 512 1330 quae
524 1279 594 1314 nunc
606 1261 677 1314 subit
688 1260 795 1313 aemula
806 1261 887 1332 laudi,

73 1332 159 1384 Fidite
172 1349 205 1383 ne
218 1331 339 1400 pedibus.
375 1330 454 1383 Ferro
466 1329 613 1398 rumpenda
624 1347 672 1408 per
684 1330 768 1383 bostis

73 1402 122 1453 Est
134 1401 184 1452 via.
221 1400 280 1457 Qua
292 1398 386 1466 globus
398 1399 443 1451 ille
456 1401 542 1452 virum
554 1399 730 1452 densissimus
743 1407 845 1470 urguet,

73 1470 131 1521 Hac
143 1486 191 1522 vos
203 1477 229 1521 et
242 1468 361 1520 Pallanta
373 1467 472 1521 ducem
483 1468 568 1537 patria
579 1468 633 1520 alta
646 1469 765 1536 reposcit.

71 1539 189 1592 Numina
202 1537 275 1590 nulla
286 1548 426 1606 premunt3
444 1537 547 1590 mortali
559 1554 702 1605 urguemur
714 1537 749 1590 ab
760 1536 837 1590 hoste
865 1542 916 1591 375

72 1608 215 1677 Mortales3
235 1608 347 1660 totidem
358 1606 436 1660 nobis
446 1609 606 1675 animaeque
619 1623 775 1676 manusque.

73 1679 152 1746 Ecce,
166 1677 247 1729 maris
259 1693 356 1744 magna
368 1676 468 1729 claudit
481 1693 528 1728 nos
540 1675 627 1744 objice
639 1684 734 1745 pontus
740 1693 749 1744 3

72 1747 153 1799 Deest
164 1746 219 1814 jam
233 1756 301 1798 terra
314 1746 409 1813 fugae:
428 1745 540 1814 pelagus
552 1744 693 1812 Troiamne
706 1753 830 1814 petemus
838 1745 859 1799 ‘l’

72 1816 146 1867 Haeo
158 1816 202 1884 ait,
216 1825 242 1866 et
255 1814 361 1866 medius
372 1813 469 1866 densos
480 1816 625 1882 prorumpit
638 1814 664 1865 in
677 1815 767 1866 hostis.

71 1883 171 1936 Obvius
183 1884 245 1935 huic
257 1883 380 1951 primum,
393 1883 454 1935 fatis
465 1883 597 1934 adductus
610 1882 714 1951 iniquia,
866 1887 915 1935 380

72 1953 113 2004 Fit
126 1954 215 2018 Lagus
220 1968 228 2019 3
246 1953 324 2020 hunc,
338 1967 435 2019 magno
447 1951 523 2003 vellit
536 1951 600 2003 dum
613 1951 729 2020 pondere
742 1967 845 2022 sarum,

71 2022 169 2074 Intorto
182 2021 238 2088 figit
251 2020 311 2088 telo,
325 2020 480 2072 discrimina
492 2019 572 2071 costis

72 2092 121 2143 Per
134 2089 253 2142 medium
266 2105 318 2157 qua
331 2089 405 2157 spina
418 2087 515 2156 dabat,
533 2088 691 2156 hastamque
704 2096 822 2157 receptat

70 2160 182 2212 Ossibus
194 2157 359 2210 haerentem.
395 2156 483 2216 Quem
495 2173 544 2211 non
559 2166 761 2226 superoccupat
773 2157 863 2226 Hisbo,

72 2229 119 2281 llle
132 2227 242 2296 quidem
254 2226 304 2279 hoe
316 2241 426 2295 sperans
432 2243 440 2293 3
459 2243 522 2279 nam
534 2225 622 2279 Pallas
633 2234 695 2278 anta
709 2235 839 2296 ruentem,
866 2230 915 2279 385

71 2299 143 2349 Dum
154 2296 224 2366 furit,
238 2295 373 2348 incautum
386 2295 488 2348 erudeli
500 2304 584 2348 morte
597 2294 701 2364 sodalis,

73 2364 185 2436 Excipit,
198 2374 279 2435 atque
292 2381 387 2418 ensem
399 2364 501 2416 tumido
513 2365 539 2416 in
552 2365 678 2433 pulmone
690 2363 817 2417 recondit.

71 2435 139 2488 Hinc
151 2434 306 2488 Sthenelum
318 2435 392 2503 petit,
406 2441 433 2486 et
444 2432 539 2487 Rhoeti
552 2433 586 2485 de
598 2442 679 2501 gente
690 2440 797 2486 vetusta

60 2503 275 2573 ·Anchemolum,
289 2503 421 2557 thalamos
432 2519 527 2555 ausum
540 2503 670 2556 incestare
682 2518 821 2556 novercae.

72 2573 125 2626 Vos
137 2573 227 2641 etiam,
240 2573 347 2642 gemini,
359 2571 464 2625 Rutulis
476 2571 610 2625 cecidistis
621 2573 647 2624 in
660 2571 737 2641 arvis,
866 2574 919 2622 390*

71 2643 181 2710 Daucia,
194 2641 290 2695 Laride
302 2640 500 2710 Thymberque,
515 2641 649 2692 simillima
661 2639 754 2708 proles,

71 2711 217 2763 Indiscreta
229 2710 283 2762 suis
294 2720 438 2776 gratusque
453 2708 605 2776 parentibus
617 2725 686 2759 error
693 2724 702 2774 3

70 2783 106 2832 At
119 2795 189 2831 nunc
201 2779 268 2830 dura
280 2777 353 2830 dedit
366 2778 441 2830 vobis
452 2777 606 2828 discrimina
617 2775 719 2828 Pallas:

70 2850 143 2901 Nam
155 2848 210 2916 tibi,
224 2846 369 2915 Thymbre,
382 2855 462 2914 caput
475 2844 625 2898 Evandrius
637 2843 747 2896 abstulit
759 2843 832 2897 ensis
839 2861 847 2914 5

71 2918 111 2971 Te
123 2916 215 2970 decisa
227 2933 314 2984 suurn,
326 2915 430 2980 Laride,
443 2913 553 2966 dextera
565 2912 675 2982 quaerit,
868 2918 917 2966 395

31 3046 84 3094 Μ.
96 3039 686 3104 Quis(quibus,tvhichmustbetranslatedbyiis)
708 3041 795 3095 annm,
803 3052 917 3090 accounts

10 3105 39 3154 br
49 3106 91 3152 tlte
102 3102 197 3162 repulse
209 3101 236 3150 of
249 3100 289 3148 the
301 3099 423 3147 Arcadian
433 3099 530 3166 cavalry
542 3105 591 3153 (see
603 3101 664 3154 238),
678 3113 699 3145 w
719 3114 734 3145 o
744 3114 809 3148 wore
820 3111 861 3147 not
878 3117 917 3148 ac·

10 3161 130 3213 matumed
138 3171 163 3208 to
171 3160 233 3220 fight
241 3175 272 3207 on
280 3159 337 3206 soot.
345 3162 430 3206 -369,
450 3157 501 3204 Oro
512 3173 532 3204 rs
544 3157 656 3205 involved
667 3173 693 3204 as
704 3159 837 3218 governing
847 3176 917 3207 vos-⁴

10 3220 23 3271 ἱ
34 3235 75 3271 vro
85 3235 125 3268 are
136 3228 177 3266 not
189 3231 214 3266 to
224 3217 371 3267 understand
384 3235 428 3278 per
436 3234 475 3264 vos
487 3232 514 3264 as
525 3232 539 3264 a
550 3215 682 3276 legitimate
694 3217 842 3275 expression.
870 3218 917 3267 See

10 3279 104 3337 liband
115 3281 256 3328 oea-373
283 3278 329 3324 See
345 3279 493 3325 aua—378.
510 3275 591 3331 Deest,
604 3291 650 3323 one
666 3275 777 3335 syllable.
813 3275 915 3338 Trojam‚

10 3336 229 3403 &emp-383.
246 3337 323 3385 Dabc'u
339 3336 424 3395 hythe
441 3336 604 3384 arsis-384.
624 3334 705 3394 Quem,
720 3333 838 3383 Pallanta.
873 3336 916 3385 Oc·

10 3414 176 3507 mamper,
190 3406 215 3443 to
231 3396 336 3455 surprise
349 3395 420 3443 while
437 3396 494 3444 tltus
509 3393 721 3454 engaged-394.
741 3393 817 3454 Caput
832 3395 865 3455 by
876 3396 917 3445 the

48 3522 50 3527 '
107 3518 139 3566 32
