2078 3622
449 161 632 202 GEORGICON.

991 242 1012 267 θ’

145 289 303 360 Miscentur,
317 291 477 359 magnisque
490 300 584 342 vocant
597 289 757 343 clamoribus
768 288 884 344 hostem.

149 360 219 426 Ergo
231 359 278 413 ubi
291 377 337 412 ver
349 368 444 412 nactae
457 359 554 413 sudum
567 375 730 428 camposque
745 359 868 438 patentis,

148 429 298 498 Erumpunt
311 431 407 499 portis:
426 430 604 497 concurritur,
623 428 732 481 aethere
745 446 771 481 nr
783 428 837 480 alto

147 498 191 550 Fit
203 500 321 567 sonitus,
340 516 469 567 magnum
481 499 582 551 mixtae
595 498 776 566 glomerantur
788 499 815 550 in
827 497 929 569 orbem,

147 568 365 638 Praecipitesque
377 569 491 637 cadunt,
509 585 561 620 non
574 568 680 620 densior
692 573 754 621 aere
766 568 875 638 grando,
965 574 998 624 00

146 637 206 690 Nec
217 638 252 690 de
264 654 394 691 concussa
407 647 509 691 tanturn
522 638 590 707 pluit
602 638 663 690 ilice
676 637 790 705 glandis.

146 707 202 776 lpsi
214 724 261 776 per
273 708 378 762 medias
389 709 464 760 acies
476 707 624 775 insignibus
636 706 686 759 alis

145 776 264 845 Ingentis
276 778 381 830 animos
392 787 504 845 angusto
517 779 543 829 in
556 786 663 846 pectore
675 783 789 844 versant,

146 845 238 915 Usque
250 846 318 899 adeo
330 848 419 901 obnixi
433 864 484 900 non
497 847 602 915 cedere,
616 846 681 899 dum
693 846 782 915 gravis
794 855 841 899 aut
853 846 902 901 hos

147 918 202 968 Aut
216 916 264 968 hos
277 934 354 970 versa
366 917 431 984 luga
444 917 527 968 victor
539 916 603 968 dare
616 924 690 984 terga
702 915 853 984 subegit—
965 922 998 971 80

146 985 180 1037 111
193 997 282 1038 motus
293 989 444 1039 animorum
456 994 537 1055 atque
551 986 619 1039 haec
631 986 778 1038 certamina
790 992 864 1038 tanta

147 1054 269 1108 Pulveris
281 1057 370 1123 exigui
382 1055 455 1125 jactu
468 1072 621 1125 compressa
633 1055 782 1123 quiescunt.

181 1125 281 1176 Verum
294 1124 339 1178 ubi
352 1125 475 1178 ductores
486 1127 545 1178 acie
558 1124 724 1177 revocareris
735 1123 823 1195 ambo,

146 1192 268 1245 Deterior
280 1194 325 1264 qui
339 1195 418 1264 visus,
432 1212 504 1264 eum,
517 1213 551 1248 ne
564 1195 690 1264 prodigus
702 1193 780 1263 obsit,

147 1263 223 1315 Dede
235 1266 312 1332 neci,
330 1265 425 1317 melior
437 1281 524 1317 vacua
541 1266 598 1317 sinc
611 1271 703 1333 regnet
715 1264 742 1316 in
753 1261 824 1316 aula.
965 1269 999 1318 00

146 1332 222 1384 Alter
234 1333 282 1386 erit
295 1334 410 1387 maculis
421 1351 485 1386 auro
498 1334 682 1403 squalentibus
693 1333 791 1386 ardens
798 1349 806 1400 3

146 1401 218 1453 Nam
230 1402 283 1455 duo
296 1412 356 1456 sunt
369 1421 484 1472 genera,
504 1405 546 1456 hic
558 1403 660 1472 melior,
674 1402 785 1471 insignis
796 1410 824 1454 et
839 1418 892 1473 ore,

146 1470 181 1524 Et
193 1472 278 1524 rutilis
289 1474 377 1525 clarus
388 1474 523 1542 squamis;
542 1473 587 1525 ille
600 1472 722 1525 horridus
734 1472 802 1525 alter

146 1540 255 1592 Desidia
267 1542 403 1611 latamque
416 1543 524 1596 trahens
536 1543 665 1611 inglorius
675 1542 777 1594 alvum.

181 1610 217 1663 Ut
230 1610 309 1664 binae
321 1629 415 1679 regum
428 1612 518 1681 facies,
532 1613 569 1665 ita
582 1629 691 1681 corpora
703 1611 798 1681 plebis.
963 1617 998 1667 95

146 1678 272 1748 Namque
284 1680 353 1732 aliae
366 1689 457 1749 turpes
469 1681 582 1749 horrent,
596 1698 647 1734 ceu
660 1681 770 1751 pulvere
782 1681 817 1734 ab
829 1680 883 1734 alto

147 1749 215 1801 Cum
227 1750 300 1802 venit
313 1758 339 1802 et
352 1750 421 1803 sicco
435 1761 531 1804 terram
544 1751 614 1820 spuit
625 1768 671 1803 oro
684 1751 767 1803 viator

146 1818 262 1888 Aridus;
280 1819 388 1872 elucent
400 1820 469 1872 aliae
481 1829 508 1872 et
521 1820 623 1889 fulgore
635 1829 782 1889 coruscant,

147 1888 281 1942 Ardentes
292 1906 356 1941 auro
369 1898 395 1942 et
408 1891 516 1959 paribus
528 1891 575 1942 lita
587 1907 695 1960 corpora
706 1891 798 1958 guttis.

147 1957 221 2010 Haec
234 1959 317 2028 potior
329 1959 452 2029 suboles,
472 1960 535 2013 hinc
547 1959 615 2012 coeli
627 1968 747 2028 tempore
759 1966 831 2011 certo
952 1963 999 2012 too

147 2027 243 2081 Dulcia
255 2028 337 2081 mella
369 2046 463 2096 remes,
477 2047 528 2082 neo
541 2036 644 2082 tantum
656 2029 753 2098 dulcia,
766 2037 897 2098 quantum

147 2097 181 2149 Et
194 2097 294 2167 liquida
306 2107 333 2151 et
345 2047 443 2152 iurum
455 2099 553 2153 Bacchi
566 2097 698 2151 domitura
710 2115 841 2178 saporem.

178 2170 214 2220 nt
227 2185 288 2220 cum
303 2168 404 2220 incerta
416 2168 505 2222 volant
517 2169 645 2237 caeloque
658 2183 784 2220 examina
796 2167 899 2238 ludunt,

148 2235 381 2306 Contemnuntque
393 2238 469 2290 savos
481 2247 508 2292 et
520 2237 615 2305 frigida
628 2246 699 2289 tecta
712 2237 869 2308 relinquunt,

147 2303 282 2359 Instabilis
293 2307 398 2359 animos
410 2308 472 2360 ludo
486 2307 638 2378 prohibebis
649 2306 728 2359 inani.
951 2310 998 2360 105

147 2375 207 2427 Nec
218 2393 333 2445 magnus
345 2376 484 2446 prohibere
497 2378 586 2431 labor:
606 2386 634 2430 tu
648 2376 755 2443 regibus
766 2375 823 2429 alas

148 2444 245 2514 Eripe,
264 2463 316 2499 non
329 2447 383 2499 illis
394 2448 536 2516 quisquam
549 2446 737 2500 cunctantibus
747 2447 832 2498 altum

147 2514 189 2566 Ire
202 2515 252 2567 iter
263 2528 309 2567 aut
322 2518 415 2568 castris
426 2517 536 2569 audebit
549 2516 648 2569 vellere
661 2515 744 2583 signa.

146 2584 262 2637 Invitent
274 2585 376 2638 croceis
387 2585 509 2638 halantes
521 2586 630 2639 floribus
642 2585 717 2653 horti,

148 2653 182 2706 Et
194 2663 284 2707 custos
297 2654 386 2707 furum
398 2664 479 2725 atque
492 2656 585 2709 avium
597 2672 660 2707 oum
672 2654 742 2708 lalce
755 2653 858 2723 saligna
949 2657 996 2707 tto

147 2723 354 2793 Hellespontiaci
367 2734 454 2778 servet
468 2725 551 2778 tutela
564 2724 660 2794 Priapi.

147 2793 208 2861 Ipse
221 2793 346 2864 thymum
358 2796 490 2864 pinosque
501 2794 591 2848 ferens
602 2794 637 2846 de
650 2793 785 2847 montibus
795 2793 859 2847 altis

147 2864 232 2916 Tecta
245 2874 315 2916 serat
327 2864 381 2916 late
393 2865 503 2934 circum,
516 2865 559 2916 cui
573 2864 637 2917 talia
650 2880 746 2931 curae3

148 2933 159 2985 1
180 2950 209 2985 se
221 2933 311 2986 labore
324 2951 435 2987 manum
448 2934 514 2986 duro
526 2943 601 3002 terat,
615 2934 673 3002 ipse
686 2933 783 2985 feracis

148 2951 226 3070 liigat
239 3003 320 3055 humo
334 3003 438 3073 plantas
451 3012 477 3055 ct
489 3004 591 3056 amicos
604 3003 693 3072 irriget
706 3002 807 3056 imbris.
945 3005 998 3057 ,115

182 3075 272 3139 Atque
284 3073 419 3140 equidem,
433 3078 552 3124 extremo
565 3073 592 3125 ni
603 3071 659 3142 jam
671 3071 723 3125 sub
734 3072 788 3125 fine
800 3069 921 3135 laborum

147 3139 216 3192 Vela
228 3139 334 3193 traham
346 3149 372 3193 et
385 3142 460 3193 terris
472 3141 599 3195 festinem
611 3142 751 3195 advertere
762 3157 876 3213 proram,

79 3231 168 3241 .—

107 3280 205 3325 95-102.
223 3275 375 3334 Description
387 3274 415 3322 ol
427 3274 468 3321 the
479 3276 534 3323 best
546 3275 604 3323 kind
615 3275 644 3323 of
655 3277 760 3323 bees·
769 3276 881 3323 tos-11⁵.
897 3264 999 3323 110100
1030 3310 1033 3315 -

78 3333 141 3394 keep
153 3336 220 3383 thern
231 3345 255 3382 at
266 3334 338 3383 horne
350 3334 422 3382 when
434 3334 458 3382 in
469 3350 500 3383 an
510 3334 879 3385 unsettledstate.-116·124.
894 3328 1010 3411 AM
1029 3334 1037 3395 [-

77 3394 182 3443 allusion
191 3403 217 3442 to
228 3393 338 3455 gaideris.
