2086 3622
397 149 488 203 arose
509 161 552 201 xr.
881 149 940 207 47η

87 289 124 341 At
135 288 251 359 juvenis,
264 290 362 343 vicisse
373 289 433 344 dolo
446 299 525 357 ratus,
538 288 627 341 evolet
639 287 704 358 ipse,

88 357 165 410 Haud
179 377 261 425 more,
274 361 463 428 conversisque
476 360 558 427 fugax
570 359 688 411 aufertur
701 358 822 430 habenis,
842 403 845 408 .

88 426 350 498 Quadrupedemque
363 431 448 483 citum
460 429 558 480 ferrata
571 427 645 480 calce
658 427 761 496 fatigat.

90 497 179 550 ‘Vane
192 499 281 568 Ligus,
294 499 445 568 frustraque
457 497 556 550 animis
568 497 638 550 elate
651 497 781 569 superbis,
888 501 940 551 715

88 566 277 636 Nequidquam
290 570 389 638 patrias
402 566 509 621 tentasti
521 566 640 620 lubricus
652 568 722 637 artis,

87 635 112 687 N
115 653 146 687 eo
158 636 232 690 fieus
244 647 270 690 te
283 639 446 691 incolumem
458 636 548 688 fallaci
560 637 677 705 perferet
689 637 785 691 Auno!

88 707 162 757 Haec
174 706 245 759 fatur
257 708 337 776 virgo,
351 716 378 759 et
390 705 544 776 pernicibus
556 707 634 773 ignea
646 707 744 774 plantis

88 776 193 828 Transit
205 792 303 845 equum
316 793 404 844 cursu,
418 776 553 854 frenisque
565 775 679 828 adversa
690 777 830 845 prehensis

89 844 262 911 Congreditrrr
273 862 427 914 poenasque
438 846 546 898 inimico
559 859 593 897 ex
605 847 735 912 sanguine
746 847 845 900 sumit:
888 849 940 899 720

88 914 177 971 Quem
189 914 267 967 facile
278 915 406 984 accipiter
418 931 482 968 saxo
494 931 570 966 sacer
582 914 640 965 ales
652 913 687 966 ab
699 915 753 968 alto

89 984 265 1052 Consequitur
276 985 372 1054 peonis
385 984 530 1037 sublimem
543 984 568 1037 irr
581 983 653 1036 nube
665 984 827 1054 columbam,

89 1053 333 1123 Comprensemque
346 1063 427 1123 terret,
440 1053 608 1124 pedibusque
621 1053 754 1108 eviscerat
765 1056 857 1123 unois,

89 1122 157 1173 Tum
172 1139 247 1174 cruor
259 1133 286 1176 ot
299 1124 388 1176 vulsae
401 1123 526 1177 labuntur
537 1122 573 1175 ab
584 1121 694 1175 aethere
707 1124 825 1193 plumae.

123 1193 159 1243 At
172 1208 222 1244 non
235 1191 303 1245 haec
314 1194 396 1245 nullis
408 1192 545 1246 hominurn
558 1204 628 1243 sator
639 1200 720 1260 etque
732 1193 843 1246 deorum
888 1196 939 1245 725

88 1261 240 1313 Observens
251 1263 336 1314 oculis
347 1278 453 1315 summo
465 1261 541 1314 sedet
553 1261 624 1314 altus
635 1261 758 1330 Olympo.

89 1329 259 1398 Tyrrhenum
270 1330 373 1397 genitor
385 1330 553 1383 Tarchonem
566 1331 592 1382 in
605 1331 706 1399 proelia
718 1347 801 1384 secra

89 1399 210 1468 Suscitet,
224 1409 252 1452 et
265 1401 380 1453 stimulis
392 1399 464 1452 haud
477 1399 603 1452 mollibus
614 1399 698 1469 injicit
710 1400 773 1452 ires.

90 1469 159 1535 Ergo
172 1469 240 1521 inter
251 1469 350 1522 caedes
362 1470 541 1538 cedentiaque
553 1469 662 1537 agmine
674 1469 799 1523 Tarchon

89 1538 183 1591 Fertur
195 1556 274 1608 equo,
289 1541 421 1609 variisque
434 1540 540 1606 instiget
552 1538 662 1592 vocibus
673 1538 738 1608 alas,
889 1543 939 1592 730

88 1609 204 1660 Nomine
217 1626 353 1678 quemque
366 1627 472 1677 vocans,
486 1609 624 1678 reficitque
638 1609 662 1661 in
675 1607 777 1678 proelia
788 1607 885 1677 pulsos

91 1678 171 1736 ‘Quis
182 1687 279 1746 metus,
292 1697 307 1730 ο
320 1696 467 1748 numquam
480 1678 594 1747 dolituri,
608 1695 623 1730 o
635 1695 742 1748 semper
754 1679 853 1732 inertes

88 1747 227 1816 Tyrrheni,
241 1765 310 1868 quae
325 1761 396 1802 teuta
408 1748 506 1802 animis
519 1749 626 1817 ignavia
637 1748 728 1801 venit?

89 1816 202 1867 Femina
215 1834 248 1884 pa
259 1819 329 1870 antis
341 1818 404 1885 agit,
417 1827 498 1886 atque
512 1819 581 1870 haee
592 1819 700 1885 agmina
714 1817 812 1870 vertit?

89 1885 147 1942 Quo
160 1885 267 1950 ferrum,
282 1887 382 1954 quidve
394 1887 462 1939 haec
472 1888 591 1954 gerimus
604 1887 658 1939 tela
669 1887 743 1939 irrite
755 1885 875 1940 dextrisf
888 1891 939 1940 735

88 1957 123 2006 At
136 1971 187 2006 non
201 1955 226 2005 in
240 1955 373 2009 Venerem
386 1972 482 2023 segnes
493 1969 675 2024 nocturnaque
687 1955 766 2025 bella,

89 2026 151 2092 Aut,
165 2022 211 2076 ubi
224 2040 306 2077 curva
317 2024 413 2078 choros
427 2024 520 2078 indixit
534 2025 599 2077 tibia
610 2024 718 2092 Bacchi,

90 2093 253 2162 Exspectare
264 2093 349 2163 dapes
360 2104 387 2147 et
400 2094 495 2163 plenae
505 2094 601 2164 pocula
613 2111 760 2147 mensae·-

65 2195 69 2203 ·
88 2163 138 2214 Hic
151 2179 231 2231 amor,
247 2163 296 2215 hoc
308 2164 528 2217 studium-dum
541 2181 617 2216 sacre
629 2163 764 2216 secundus
775 2163 911 2234 haruspex

89 2232 207 2297 Nuntiet,
222 2250 254 2284 ac
267 2232 342 2285 lucos
354 2242 430 2286 vocet
443 2232 529 2286 hostie
540 2233 645 2302 pinguis
657 2233 683 2286 in
695 2233 781 2285 altos!
889 2237 940 2288 740

89 2303 163 2353 Haec
175 2302 272 2356 effatus
284 2320 383 2372 equum
396 2304 422 2356 in
435 2303 547 2372 medios,
561 2303 702 2356 moriturus
714 2311 741 2355 et
754 2303 820 2374 ipse,

88 2369 218 2441 Concitet,
228 2381 256 2424 et
268 2373 371 2425 Venulo
383 2371 527 2426 adversum
539 2390 568 2425 se
582 2372 703 2426 turbidus
714 2371 800 2442 infert,

88 2442 289 2511 Dereptumque
300 2442 336 2495 eb
348 2459 416 2512 equo
428 2442 522 2495 dextra
532 2442 718 2512 complectitur
729 2441 836 2497 hostem

89 2511 122 2563 Et
134 2512 266 2578 gremium
279 2521 342 2564 ante
355 2529 433 2565 suurn
445 2513 529 2565 multa
541 2512 567 2565 vi
580 2513 702 2567 concitus
713 2511 810 2565 aufert.

88 2581 200 2633 Tollitur
212 2581 238 2634 in
252 2581 359 2636 coelum
371 2582 479 2652 elamor,
492 2583 635 2652 cunutiqrre
648 2582 734 2635 Latini
887 2585 938 2634 745

88 2650 247 2702 Convertere
259 2651 358 2704 oculos.
395 2651 473 2704 Volat
487 2652 582 2720 igneus
592 2668 709 2721 aequore
721 2649 851 2718 Tarchon,

87 2722 171 2770 Arme
183 2718 324 2788 virumque
337 2720 442 2788 ferens,
461 2728 519 2773 tum
532 2737 639 2772 summa
651 2720 735 2788 ipsius
746 2718 783 2771 eb
793 2719 870 2772 haste

88 2787 217 2855 Defringit
230 2788 338 2858 ferrum,
352 2797 378 2841 et
389 2790 472 2858 partis
485 2790 595 2842 rimetur
606 2798 720 2858 apertas,

47 2938 100 2984 718.
117 2933 200 2996 Ignea,
233 2933 280 2981 See
291 2933 333 2981 the
345 2949 413 2981 sarno
429 2943 515 2994 strong
531 2932 633 2992 epithet,
646 2936 700 2982 746.
710 2937 801 2982 -721,
818 2933 899 2990 Sacer,
912 2950 939 2982 us

24 3011 31 3041 r
42 2994 137 3052 subject
149 2993 177 3040 of
183 2997 371 3041 omens-725.
389 2992 446 3040 Nrm
457 2996 583 3041 observans
594 2995 672 3041 nullis
683 2994 766 3048 omlis,
777 2992 862 3053 nearly
870 3009 937 3052 equr-

24 3053 100 3100 rofem
117 3064 142 3100 to
158 3053 234 3101 oculis
251 3055 489 3101 observans—726.
511 3051 617 3113 Olympo.
649 3052 697 3100 See
713 3062 737 3099 ut
753 3051 806 3100 aer.
823 3068 846 3100 v.
863 3056 924 3100 56.-

24 3116 69 3162 730.
86 3112 157 3169 Alos,
176 3128 190 3158 n
205 3121 268 3159 term
287 3111 399 3171 properly
415 3111 510 3170 applied
530 3121 555 3158 to
572 3111 719 3168 horsemen;
737 3111 769 3159 iv.
787 3115 938 3161 Imm-732.

24 3170 153 3231 Numquam
163 3173 286 3225 dedituris,
299 3186 374 3217 never
384 3170 479 3230 willing
494 3181 520 3218 to
536 3170 627 3218 submit
640 3181 666 3218 to
676 3171 747 3230 pein3
766 3170 897 3218 immersed
914 3171 939 3219 in

24 3230 137 3278 alessure.
164 3229 217 3277 'See
234 3239 257 3277 et
273 3232 424 3279 tlt-739.
441 3229 513 3286 Dum,
532 3230 582 3277 dte.
617 3229 728 3290 Weiting
744 3229 780 3276 till
796 3230 837 3276 the
854 3229 937 3277 south·

24 3304 110 3396 raqqrs,
124 3288 436 3397 withfevourobquqpoqq,
447 3304 560 3360 summon
572 3288 675 3396 thtqnqqo
686 3289 727 3336 the
739 3287 864 3394 caprificial
875 3289 938 3396 {alst

24 3364 42 3397 n
72 3364 174 3396 resuere
219 3362 324 3396 reve·
375 3382 381 3396 .
430 3362 548 3404 anterus,
561 3363 594 3396 wr
661 3363 753 3396 esame
774 3362 867 3396 oreeas
918 3365 937 3396 r·

24 3418 98 3461 tumre
111 3364 262 3456 Nih-3746.
283 3405 363 3467 lgneo.
396 3408 442 3455 See
453 3410 603 3456 rra—748.
621 3407 706 3455 Parus
715 3424 726 3463 ;
745 3407 768 3454 in
784 3406 826 3453 the
842 3421 939 3456 ermour
