2078 3622
443 128 600 167 nanatnos.

128 256 214 309 Nobis
225 254 259 307 ad
274 254 338 307 belli
347 256 477 309 auxilium
490 270 536 323 pro
549 254 656 307 nomine
668 263 742 307 tanto

130 327 252 393 Exiguae
264 326 349 377 vires:
370 326 431 377 hinc
444 325 531 376 Tusco
543 324 692 376 claudimur
704 322 786 391 amni,

130 396 199 448 llinc
211 396 325 447 llutnlns
337 395 440 463 premit,
454 403 481 444 et
494 410 600 446 murum
612 394 790 447 circumsonat
801 392 894 445 annis.

129 466 182 517 Sed
196 465 242 516 tibi
255 482 305 531 ego
318 464 432 531 ingentis
443 462 555 531 populos
566 462 745 531 opulentaque
758 462 848 529 regnis
930 464 981 514 475

130 535 144 586 J
148 550 249 601 ungere
261 544 348 585 castra
361 550 430 601 prro,
444 549 524 599 quam
539 532 591 583 sors
604 532 710 601 inopina
724 530 841 585 salutern

129 604 258 655 Ostentat.
297 602 368 654 Fatis
381 602 433 653 hue
446 612 472 653 tc
485 602 655 669 poscentibus
666 600 764 653 adiere.

130 672 207 723 llaud
221 672 312 739 procul
326 672 388 723 hine
400 686 464 723 saxo
477 670 599 723 incolitur
610 670 723 723 lundata
734 677 840 723 vetusto

131 741 210 793 Urbis
222 740 364 809 Agyllinae
378 740 465 810 sedes,
479 740 525 792 ubi
539 740 625 808 Lydia
637 739 774 809 quondam

131 812 212 877 Gens,
226 810 296 861 bello
310 810 454 879 praeclara,
466 809 538 879 jugis
550 809 649 862 insedit
662 810 789 862 Etruscis.
931 813 982 862 480

129 880 205 931 Hanc
217 880 314 933 multos
327 882 468 932 tlorentem
480 896 564 931 annos
576 896 624 931 rex
634 878 733 930 deinde
746 877 861 947 superbo

128 950 243 1017 Imperio
256 958 283 1001 et
296 950 384 1002 saevis
397 950 481 1001 tenuit
494 948 649 999 Mezentius
660 948 751 1000 armis.

129 1018 200 1076 Quid
214 1036 363 1071 memorem
376 1018 498 1069 infandas
510 1017 615 1085 caedes,
629 1017 694 1085 quid
707 1017 779 1070 saeta
790 1015 897 1085 tyranni

131 1086 222 1139 Etleru
234 1088 242 1138 l
260 1088 288 1139 di
300 1088 381 1156 capiti
393 1087 477 1157 ipsius
488 1086 635 1155 generique
648 1084 802 1139 reservent!

130 1156 239 1209 Mortua
248 1158 311 1225 quin
324 1157 406 1209 etiam
418 1156 547 1226 jungebat
559 1171 668 1224 corpora
679 1155 755 1223 vivis,
932 1159 983 1209 485

131 1227 301 1296 Componens
312 1226 489 1295 manibusque
502 1242 599 1278 manus
610 1232 691 1293 atque
703 1224 793 1277 oribus
803 1240 858 1294 ora,

130 1296 268 1349 Tormenti
279 1314 372 1365 genus,
387 1304 414 1347 et
426 1296 500 1347 sanie
513 1296 629 1364 taboque
641 1294 749 1347 tluentis

132 1366 281 1435 Complexu
296 1367 321 1419 in
335 1367 432 1418 misero
445 1365 522 1433 longa
534 1366 573 1417 sic
585 1373 670 1417 morte
682 1364 808 1416 necabat.

131 1438 168 1486 At
180 1436 245 1487 lessi
258 1437 367 1488 tandem
380 1436 454 1487 cives
467 1434 576 1487 infanda
588 1434 723 1487 furentem

131 1505 236 1555 Armati
249 1505 449 1556 circumsistunt
462 1505 605 1573 ipsumque
617 1502 791 1574 domumque,
934 1506 984 1557 490

130 1572 296 1625 Obtruncant
309 1574 403 1637 socios,
418 1574 509 1639 ignem
521 1574 556 1625 ad
569 1573 676 1641 fastigia
686 1572 797 1653 jactant.

130 1640 179 1693 Ille
192 1642 259 1693 inter
271 1642 385 1693 caedem
398 1642 554 1693 Rutulorum
566 1642 675 1711 elapsus
687 1660 712 1695 m
726 1657 804 1711 agros

131 1710 288 1789 Confugere,
302 1720 329 1762 et
341 1710 422 1762 Turni
435 1709 576 1763 defendier
588 1710 700 1779 hospitis
711 1712 803 1765 armis.

132 1780 201 1846 Ergo
213 1796 301 1832 omms
312 1779 389 1832 furiis
402 1780 513 1832 surrexit
526 1780 632 1833 Etruria
642 1780 720 1850 justis
726 1798 735 1851 3

130 1849 233 1916 Regem
245 1849 280 1901 ad
293 1849 454 1919 supplicium
467 1849 601 1919 praesenti
613 1850 740 1903 Manere
775 1856 863 1903 scunt.
934 1854 985 1904 485

129 1918 179 1969 His
191 1936 241 1986 ego
254 1928 290 1989 te,
303 1925 404 1988 Aenea,
418 1920 555 1973 ductorem
568 1918 688 1973 millibus
699 1920 744 1973 adr
754 1936 809 1973 am.

130 1988 198 2040 Toto
210 2006 327 2059 namque
340 1989 457 2043 fremunt
470 1989 621 2043 condensae
633 1988 709 2041 litore
721 2004 832 2060 puppes,

131 2057 265 2128 Signaque
278 2062 347 2113 l'erre
358 2059 470 2129 jubent,
489 2060 585 2112 retinet
597 2060 742 2127 longaevus
752 2058 888 2129 hamspex

131 2127 199 2181 Fata
211 2145 325 2183 canens:
347 2131 393 2183 “O
404 2130 546 2182 Maeoniae
558 2129 665 2181 delecta
674 2128 809 2207 juventus,

132 2197 195 2250 Flos
206 2208 329 2253 veterum
342 2200 479 2267 virtusque
488 2200 582 2268 vimm,
593 2214 660 2268 quos
670 2206 757 2269 Justua
769 2199 795 2251 in
808 2198 916 2253 hostem
935 2203 986 2253 500

131 2266 194 2319 Fert
206 2268 280 2321 dolor
292 2278 319 2320 et
332 2269 428 2321 merita
439 2268 564 2320 accendit
577 2268 733 2321 Mezentius
745 2268 791 2339 ira,

130 2335 206 2389 Nulli
218 2338 259 2390 sas
270 2338 337 2390 Italo
349 2346 452 2390 tantam
464 2336 625 2405 subjungere
637 2346 762 2403 gentem:

130 2406 263 2459 Externos
273 2415 364 2476 optate
375 2406 488 2459 duces.''
525 2406 595 2456 Tum
608 2406 721 2457 Etrusca
732 2404 834 2458 resedit

129 2473 187 2525 Hoc
199 2476 274 2526 acies
285 2491 390 2543 campo,
403 2473 513 2527 monitis
525 2475 650 2525 exterrita
662 2472 761 2525 divom.

129 2542 191 2609 lpse
203 2552 320 2594 oratores
330 2543 365 2595 ad
377 2560 423 2595 me
436 2542 564 2610 regnique
576 2557 699 2594 eoronam
934 2550 986 2603 505

130 2610 197 2663 Cum
210 2619 312 2679 sceptro
324 2612 398 2664 misit
410 2610 573 2680 mandatque
586 2609 701 2679 insignia
712 2608 843 2682 Tarchon,

131 2679 280 2734 Succedam
293 2682 392 2752 castris,
406 2680 599 2751 Tyrrhenaque
612 2696 694 2750 regna
705 2697 857 2750 capessam.

128 2749 180 2803 Sed
193 2749 260 2803 mihi
273 2751 348 2804 tarda
359 2752 422 2820 gelu
435 2751 584 2821 saeclisque
597 2750 679 2804 effeta
690 2760 816 2805 senectus

128 2819 233 2873 Invidet
245 2821 389 2890 imperium
402 2838 533 2892 seraeque
545 2821 580 2874 ad
592 2821 669 2875 sortia
680 2822 759 2875 vires.

127 2890 230 2943 Natum
243 2891 402 2961 exhortarer,
417 2894 443 2946 ni
457 2894 557 2946 mixtus
569 2900 655 2945 matre
667 2892 774 2946 Sabella
931 2898 985 2951 510

86 3008 140 3058 479.
157 3007 298 3070 Agyllinae.
330 3011 378 3058 Soc
394 3027 417 3071 p.
429 3015 483 3068 292,
497 3009 545 3058 line
561 3014 599 3058 29.
629 3010 719 3073 Lydia.
751 3010 799 3059 See
815 3020 840 3059 at
855 3012 985 3065 ἱί.781.-

56 3068 111 3117 487.
131 3068 215 3116 Tobem
230 3084 310 3116 seems
322 3080 347 3117 to
359 3086 430 3118 mean
441 3072 483 3119 the
494 3069 606 3130 putrified
617 3080 706 3118 matter
716 3068 810 3118 formed
825 3071 860 3133 by
870 3070 913 3121 tlte

57 3126 115 3175 daal
130 3127 274 3176 dissolution
292 3128 320 3175 of
334 3129 375 3176 the
392 3146 490 3189 corpses
506 3140 531 3177 to
547 3128 628 3177 which
645 3129 704 3189 they
715 3144 779 3177 were
790 3131 922 3179 000104.-
943 3131 982 3181 98.

58 3186 202 3255 prefigere,
216 3188 256 3235 the
273 3187 397 3235 historicul
413 3189 540 3237 infinitiva.
571 3188 710 3249 Defendier,
728 3188 765 3235 lor
781 3187 894 3247 defendit
911 3206 940 3239 ιι
954 3188 991 3247 εἰ,

56 3250 252 3297 rv.493.-4ot,
277 3247 413 3303 Maeoniae,
428 3248 529 3307 Lydiae.
562 3248 609 3295 See
625 3250 779 3297 tta-507.
804 3246 912 3297 Mandat
926 3250 990 3311 ens]

56 3312 127 3363 tores,
140 3320 237 3357 orantes
248 3318 284 3365 nt,
298 3310 523 3357 succedam-510.
545 3306 651 3355 Mixtus.
676 3306 759 3354 Pallas
772 3316 874 3355 wusnot
885 3306 916 3355 ol
937 3322 985 3363 ure

55 3362 149 3426 foreign
170 3371 313 3419 extraction.
346 3366 429 3415 nane
444 3366 593 3431 Satrtlpss
614 3364 653 3413 his
673 3365 770 3414 mother
785 3380 838 3414 was
858 3322 979 3417 uSshins
