2086 3622
451 165 544 206 LIBER
563 168 594 206 X·

132 294 278 348 Admonuit
289 292 402 363 bijugos,
415 292 531 363 projecto
544 294 610 348 dum
622 295 692 364 pede
704 294 782 348 laevo

132 367 214 432 Aptat
226 380 256 416 66
268 379 381 432 pugnae,
395 363 467 417 subit
479 380 538 415 oras
550 363 627 417 hasta
639 381 686 434 per
698 365 767 417 imas

132 432 271 501 Fulgentis
283 432 370 502 clipei,
384 441 442 485 tum
455 433 562 485 laevum
575 434 690 504 perforat
702 435 801 499 inguen
812 447 819 496 ;

132 503 270 555 Excussus
282 518 359 555 curru
372 502 547 555 moribundus
557 504 671 556 volvitur
682 502 762 555 arvis.
931 501 981 550 690

131 571 221 628 Quem
231 571 291 640 pius
302 574 411 623 Aeneas
422 572 501 623 dictis
513 571 609 624 affatur
620 573 732 625 amaris:

133 641 262 710 ‘Lucage,
276 641 350 692 nulla
362 648 421 692 tuos
432 657 525 692 currus
537 639 601 707 fuga
613 642 703 709 segnis
715 654 843 710 equorum

132 709 255 776 Prodidit,
268 718 315 762 aut
327 726 412 761 vanae
424 717 528 761 vertere
541 726 575 762 611
587 709 709 763 hostibus
720 710 831 763 umbrae
841 723 849 776 3

131 778 192 846 Ipse
207 779 269 830 rotis
281 778 379 830 saliens
390 777 455 846 juga
466 777 587 830 deseris!
624 779 698 831 Haeo
711 780 748 831 ita
760 778 832 831 fatus

131 847 248 914 Arripuit
260 846 381 915 bijugos,
401 847 482 899 frater
495 846 622 900 tendebat
635 848 727 901 inertis
931 847 981 896 595

130 915 228 968 Infelix
238 915 350 985 palmas,
364 932 442 969 curru
454 915 579 984 delapsus
590 917 703 970 eodem:

133 985 205 1051 ‘Per,
220 993 254 1062 te,
267 1002 314 1053 per
326 985 373 1054 qui
386 993 413 1037 te
425 984 508 1038 talem
520 1002 638 1052 genuere
650 993 784 1054 parentes,

132 1054 179 1106 Vir
191 1056 313 1122 TroJane,
327 1056 385 1107 sine
397 1053 468 1106 hanc
480 1055 607 1122 animam,
621 1065 648 1108 et
660 1056 787 1108 miserere
800 1051 952 1122 precantis!

131 1123 255 1176 Pluribus
266 1124 350 1176 oranti
363 1127 485 1176 Aeneas:
507 1126 514 1155 ‘
522 1124 600 1177 Haud
614 1125 677 1177 talia
689 1124 793 1176 dudum

131 1192 209 1244 Dicta
220 1191 314 1245 dabas.
350 1193 467 1261 Morere,
481 1200 508 1245 61
520 1192 629 1246 fratrem
643 1211 677 1246 ne
689 1194 784 1245 desere
796 1189 895 1242 frater!
932 1191 981 1240 600

131 1261 209 1329 Τ616,
223 1261 339 1314 latebras
350 1261 465 1326 animae,
479 1270 575 1330 peetus
586 1279 714 1315 mucrone
726 1259 847 1314 recludit.

130 1330 209 1382 Talia
221 1347 269 1400 per
280 1347 390 1399 campos
402 1330 500 1383 edebat
513 1329 607 1382 lunera
618 1332 711 1383 ductor

132 1399 289 1467 Dardanius,
303 1400 424 1452 torrentis
435 1415 522 1468 aquae
534 1400 579 1452 vel
590 1400 703 1453 turbinis
714 1397 765 1452 atri

131 1469 208 1520 More
221 1468 320 1521 furens.
356 1468 479 1522 Tandem
492 1478 635 1539 erumpunt
648 1477 675 1522 61
688 1477 776 1522 castra
787 1466 939 1535 relinquunt

132 1539 265 1591 Ascanius
277 1554 344 1608 puer
355 1547 382 1590 et
395 1538 576 1608 nequidquam
589 1539 698 1592 obsessa
713 1537 844 1591 'aventus
932 1537 981 1587 605

162 1608 295 1661 16666616
308 1608 409 1661 interea
421 1608 564 1676 compellat
576 1609 679 1678 Jupiter
691 1626 707 1663 u
720 1616 772 1661 tro:

134 1677 170 1729 ‘O
181 1694 309 1744 germana
320 1677 388 1730 milri
399 1686 480 1747 atque
492 1677 590 1731 eadem
602 1678 753 1746 gratissima
765 1675 889 1745 conjunx,

131 1746 168 1798 Ut
182 1747 282 1816 rebare,
295 1747 474 1799 Venus-nec
487 1755 514 1799 16
526 1749 659 1801 sententia
671 1747 775 1800 fallit-

133 1815 261 1885 Trojanas
273 1824 402 1868 sustentat
414 1833 486 1884 opes,
500 1833 552 1869 non
565 1817 655 1869 vivida
666 1816 738 1870 bello

134 1885 233 1937 Dextra
245 1886 315 1936 vires
332 1885 492 1952 animusque
504 1885 579 1938 ferox
591 1888 748 1954 patiensque
760 1882 870 1952 pericli!
932 1884 983 1933 610

134 1954 183 2005 Cui
195 1954 263 2007 Juno
277 1954 425 2006 submissa:
447 1953 540 2022 ‘Quid
553 1971 569 2005 o
584 1955 764 2023 pulcherrime
776 1951 900 2058 conqunx,

133 2023 264 2075 Sollicitas
276 2039 385 2090 aegram
397 2031 424 2075 et
437 2030 482 2075 tua
495 2024 580 2075 tristia
591 2023 663 2076 dicta
675 2023 816 2077 timentem
829 2061 835 2073 .

133 2092 160 2143 Si
172 2092 247 2160 mihi,
260 2108 330 2161 quae
342 2091 475 2160 quondam
490 2091 583 2160 suerat,
597 2109 732 2161 quamque
745 2107 805 2143 esse
817 2090 941 2159 decebat,

133 2161 182 2212 Vis
194 2161 219 2213 in
233 2178 323 2213 amore
336 2161 410 2230 soret,
423 2178 475 2213 non
488 2161 538 2214 hoc
550 2161 617 2215 mihi
630 2178 746 2232 namquo
757 2175 878 2229 negares,

134 2230 316 2299 Omnipotens,
330 2231 392 2299 quin
405 2241 432 2282 et
443 2247 549 2298 pugnae
563 2231 712 2285 subducere
724 2231 853 2298 Turnum,
933 2232 983 2281 616

134 2300 169 2351 Ε1
181 2301 275 2352 Dauno
288 2316 395 2368 possem
406 2299 570 2353 incolumem
583 2317 689 2354 servare
702 2299 814 2370 parenti.

132 2369 212 2421 Nunc
222 2377 321 2437 pereat.
335 2369 499 2438 Teucrisque
511 2369 555 2439 pio
568 2370 614 2423 det
626 2373 756 2439 sanguine
767 2384 876 2438 poenas.

135 2438 184 2491 Ille
197 2447 288 2492 tamen
300 2447 388 2492 nostra
400 2438 507 2492 deducit
519 2440 620 2507 origiue
631 2457 737 2509 nomen,

132 2507 326 2578 Pilumnusque
339 2507 377 2561 illi
390 2518 501 2577 quartus
513 2520 603 2579 pater,
623 2517 650 2563 et
663 2519 708 2562 tua
719 2509 793 2578 larga

133 2577 218 2646 Saepe
231 2595 314 2632 manu
327 2578 472 2646 multisque
483 2579 604 2632 oneravit
615 2579 708 2633 limina
719 2577 815 2631 donis!
932 2579 983 2628 620

132 2647 181 2698 Cui
195 2664 242 2699 rex
253 2647 366 2700 aetherii
380 2647 494 2700 breviter
506 2649 544 2700 sio
557 2649 627 2700 latus
638 2648 761 2717 Olympi:

134 2715 175 2767 ‘Si
188 2732 262 2767 mora
274 2716 421 2784 praesentis
433 2716 480 2768 leti
493 2725 653 2785 tempusque
665 2718 768 2769 caduco

131 2785 226 2837 Oratur
237 2783 338 2852 juveni,
351 2801 451 2853 meque
464 2784 515 2837 hoc
527 2786 564 2836 ita
576 2802 673 2854 ponere
686 2786 775 2854 sentis,

131 2853 208 2905 Tolle
222 2853 286 2920 luga
298 2854 420 2906 Turnum
432 2861 513 2922 atque
525 2854 686 2907 instantibus
697 2853 770 2923 eripe
783 2853 854 2907 fatis.

131 2923 268 2975 Hactenus
281 2922 421 2974 indulsisse
431 2931 518 2975 vacat.
554 2923 598 2976 Sin
610 2923 687 2976 altior
698 2923 757 2975 istis
931 2923 982 2974 626

91 3047 143 3092 592,
168 3044 296 3103 Referring
316 3054 340 3091 to
359 3045 496 3103 Niphaeus,
516 3050 667 3095 ota-597.
683 3045 741 3103 Per,
762 3056 793 3095 te.
825 3048 872 3095 See
890 3050 982 3096 369.-

60 3105 114 3150 599.
134 3103 211 3151 Talia.
244 3104 290 3151 See
302 3107 355 3158 581,
370 3104 514 3159 dcc-607,
529 3105 577 3152 616.
589 3106 641 3153 6616
658 3106 887 3167 ironically.-6ll.
905 3106 979 3155 Nom·

60 3177 112 3268 pue,
131 3162 303 3222 emphaticolly
319 3163 402 3221 placed
420 3173 478 3209 next
497 3163 539 3210 tlre
555 3166 613 3212 verb
631 3166 656 3212 in
673 3165 715 3213 1116
734 3181 806 3214 66666
825 3166 854 3213 61
868 3165 979 3214 66611166-

70 3224 192 3281 y.-618.
209 3221 301 3269 Nostro
312 3223 406 3282 origine
416 3222 519 3281 perhaps
531 3223 605 3272 refers
622 3235 647 3271 to
663 3225 705 3272 the
717 3224 817 3273 descent
829 3225 978 3282 1666116666,

59 3279 100 3328 vii.
113 3283 262 3328 tto-623.
280 3279 376 3339 Jupiter
387 3291 470 3342 greuts
482 3284 593 3342 arespite
604 3293 630 3331 to
639 3283 747 3339 Turnus,
762 3299 793 3332 66
804 3283 846 3331 1116
857 3283 981 3332 condition

58 3337 112 3387 111111
123 3339 138 3388 J
141 3355 190 3388 uno
200 3339 326 3400 distinotly
337 3341 499 3390 understands
511 3345 605 3400 (sentis)
617 3343 670 3393 that
680 3343 730 3392 this
742 3343 764 3392 16
775 3342 807 3392 611
817 3342 871 3392 that
882 3341 980 3404 Jupiter

58 3396 158 3448 6661666
170 3404 279 3464 (ponera.
