2086 3622
444 202 537 240 nisan
557 202 575 240 1.
916 187 973 246 127

122 327 165 380 Illi
177 328 354 397 indignantes,
367 345 464 396 magno
477 346 539 382 cum
552 346 688 382 murmure
701 340 806 401 montis,
940 335 974 384 55

122 398 227 449 Circum
241 398 357 449 claustra
370 398 502 466 fremunt,
521 399 593 450 celsa
606 400 681 451 sedet
694 401 795 453 Aeolus
807 419 869 454 arce

123 466 232 535 Sceptra
245 476 346 534 tenens,
360 466 497 535 mollitque
514 469 618 520 animos
630 478 656 520 et
669 478 799 538 temperat
813 471 865 523 iras
872 484 880 539 3

122 536 158 588 Ni
172 537 260 605 faciat,
273 537 359 588 maria
371 554 403 588 ac
416 547 499 588 terras
512 538 672 606 coelumque
685 540 845 607 profundum

122 605 227 675 Quippe
241 607 327 658 lerant
339 606 423 674 rapidi
436 623 528 658 secum
541 618 702 675 verrantque
715 626 762 676 per
773 627 861 661 auras.

123 674 175 726 Sed
188 684 263 744 pater
275 676 442 743 omnipotens
454 676 588 743 speluncis
599 677 702 728 abdidit
715 680 787 746 atris,
942 680 975 730 60

125 743 182 796 Hoc
195 755 327 812 metuens,
342 743 495 813 molemque
508 754 534 796 et
547 747 645 797 montis¹
658 747 763 814 insuper
775 747 843 800 altos
901 761 904 767 '

124 812 259 882 Imposuit,
273 830 419 881 regemque
432 813 514 881 dedit,
527 814 572 881 qui
586 815 693 866 loedere
706 827 777 868 certo

125 883 159 934 Et
171 899 293 951 premere
307 891 333 934 et
346 883 420 934 laxas
431 883 511 934 sciret
523 883 586 935 dare
598 883 688 952 jussus
700 885 827 938 habenas.

123 951 166 1004 Ad
179 969 262 1020 quem
274 962 333 1004 tum
344 953 359 1006 J
362 969 413 1004 uno
426 953 540 1021 supplex
551 952 593 1005 his
605 954 716 1006 vocibus
728 972 776 1006 usa
788 963 844 1007 est:

161 1021 390 1089 ‘Aeole,namque
401 1022 448 1074 tibi
459 1023 549 1074 divom
558 1031 632 1090 pater
640 1032 721 1091 atque
734 1023 873 1077 hominum
882 1038 930 1077 rex
942 1027 974 1076 65

125 1090 160 1142 Et
172 1091 290 1142 mulcere
302 1091 376 1143 dedit
388 1092 487 1143 fluctus
500 1100 526 1143 et
539 1092 630 1144 tollere
642 1102 730 1160 vento,

125 1161 198 1211 Gens
211 1160 319 1211 inimica
332 1160 398 1212 milri
411 1161 579 1229 Tyrrhenum
591 1162 699 1228 navigat
711 1179 818 1231 aequor,

125 1228 205 1279 Ilium
218 1229 244 1279 in
256 1229 362 1280 Italiam
374 1237 480 1296 portans
492 1230 630 1297 victosque
646 1230 766 1282 Penatis:

126 1297 218 1348 lneute
231 1298 287 1349 vim
300 1297 388 1349 ventis
400 1297 606 1366 submersasque
619 1299 702 1351 obrue
715 1301 818 1369 puppis,

125 1370 180 1419 Aut
192 1383 243 1433 age
256 1367 376 1419 diversos
388 1375 415 1417 et
428 1365 522 1434 disjice
535 1384 643 1435 corpora
654 1378 742 1435 ponto.
943 1371 977 1420 70

125 1436 190 1488 Sunt
203 1436 270 1488 mihi
283 1436 324 1489 bis
336 1444 441 1504 septem
453 1438 597 1505 praestanti
610 1453 717 1505 corpore
730 1436 884 1508 Nymphae,

126 1506 244 1563 Quarum
257 1523 327 1575 qnae
339 1505 424 1557 forma
436 1504 616 1573 pulcherrima
628 1507 756 1575 Deiopea,

125 1576 263 1628 Connnbio
274 1575 383 1644 jungam
397 1574 488 1627 stabili
500 1577 686 1645 propriamque
699 1575 802 1646 dicabo,

126 1645 218 1697 Omnis
230 1652 258 1698 ut
271 1654 363 1698 tecum
375 1644 478 1697 meritis
489 1662 536 1714 pro
548 1645 647 1699 talibus
658 1662 743 1699 annos

126 1713 231 1783 Exiget,
244 1723 272 1767 et
283 1713 396 1783 pulchra
407 1714 489 1769 saciat
501 1724 528 1767 te
540 1715 613 1785 prole
625 1716 784 1785 parentem!
943 1719 977 1768 75

160 1785 262 1837 Aeolus
274 1785 342 1836 haec
353 1791 460 1836 contra:
482 1785 578 1853 ‘Tuns,
592 1802 608 1837 o
621 1786 720 1855 regina,
733 1784 799 1854 quid
811 1792 896 1855 optes,

126 1853 271 1922 Explorare
283 1853 358 1906 labor
365 1870 372 1921 3
391 1852 458 1905 mihi
468 1853 545 1974 y'lussa
556 1872 697 1923 capessere
710 1854 752 1907 fas
764 1863 814 1907 est.

125 1922 168 1975 Tu
179 1922 254 1992 mihi,
268 1922 456 1991 quodcumque
488 1940 519 1975 oc
533 1924 614 1993 regni,
628 1933 656 1976 tn
669 1933 775 1992 sceptra
786 1925 936 1992 Jovemque

125 1992 265 2061 Concilias,
279 2000 308 2044 tu
320 1991 369 2044 das
381 1991 469 2058 epulis
479 1992 640 2045 accumbere
653 1993 752 2061 divom,

124 2061 340 2128 Nimborumque
352 2060 419 2111 lacis
431 2068 676 2131 tempestatumque
688 2061 844 2131 potentem!
944 2064 978 2114 80

160 2131 235 2182 Haec
247 2130 294 2182 ubi
305 2128 385 2199 dicta,
398 2145 497 2181 cavum
508 2146 636 2182 conversa
648 2130 760 2199 cuspide
771 2137 893 2183 montem

124 2199 233 2269 Impulit
246 2199 273 2252 in
285 2199 369 2251 latus:
388 2214 420 2250 ac
433 2198 513 2269 renti,
526 2199 601 2253 velut
612 2200 719 2267 agmine
733 2200 812 2269 sacto,

124 2270 183 2327 Qua
196 2270 259 2322 data
270 2276 352 2338 porta,
364 2276 444 2321 ruunt
456 2276 483 2321 et
496 2276 578 2323 terras
590 2270 696 2323 turbine
708 2269 840 2339 perflent„

124 2339 274 2392 Incubuere
286 2338 355 2392 mari
376 2346 515 2408 totumque
527 2356 544 2391 a
556 2338 666 2393 sedibus
678 2340 740 2393 imis

124 2409 186 2462 Una
197 2409 339 2478 Eurusque
350 2378 491 2478 llotnsque
505 2417 584 2463 ruunt
595 2409 744 2478 creberque
755 2406 880 2479 procellis
943 2410 977 2460 85

84 2539 122 2583 61.
140 2535 229 2585 Molem
239 2545 261 2585 et
271 2544 380 2593 merrtem
397 2535 536 2595 oquiralent
549 2544 574 2584 to
585 2536 676 2583 molem
691 2534 820 2583 montium.
852 2533 957 2597 Imaper
963 2551 976 2593 ,⁶

55 2611 140 2655 nearly
156 2596 297 2664 equivalent
313 2604 340 2643 to
361 2599 527 2661 sapen-67.
544 2594 653 2657 Navigat
662 2612 673 2651 ,·
695 2594 756 2643 used
772 2593 941 2654 transitirely;
963 2610 979 2643 a

54 2655 159 2725 poetical
171 2656 271 2712 lrcence,
278 2654 360 2703 which
371 2670 457 2703 occurs
470 2654 522 2703 nlso
533 2655 558 2702 in
568 2654 697 2703 rhetorical
708 2669 788 2713 prose,
801 2667 915 2701 common
925 2652 979 2703 also

54 2730 81 2763 ιιι
91 2714 229 2775 English-

311 2772 366 2812 ‘She
374 2771 428 2811 sails
436 2772 473 2811 the
482 2772 551 2811 ebriat
560 2773 724 2820 spaceR-qua

53 2859 131 2905 ..68.
149 2854 237 2910 Victoa
248 2855 354 2902 because
363 2854 451 2902 unable
461 2862 488 2901 to
499 2852 587 2901 defend
599 2853 674 2911 Troy.
683 2875 714 2884 -
722 2855 759 2900 73.
774 2850 903 2899 Cannabis.
920 2848 975 2900 'l'hs

53 2915 169 2967 seconde
188 2913 261 2961 llable
277 2928 359 2961 seems
375 2913 468 2972 always
484 2913 523 2959 lon
543 2948 549 2958 .
582 2911 725 2959 Pronounce
741 2911 799 2958 here
814 2911 934 2972 amaedeo
949 2926 977 2959 as

53 2974 125 3025 three
141 2930 267 3034 syllables.
300 2971 378 3032 Virgil
394 2972 502 3030 displays
519 2928 672 3039 throughout.
684 2978 752 3028 great
768 2968 914 3038 knowledge
929 2967 979 3039 aad

54 3036 204 3085 observasse
216 3032 244 3080 ef
257 3032 354 3079 Ronrnn
365 3030 440 3078 forms
451 3031 498 3078 and
509 3046 607 3091 nsages,
621 3030 719 3077 besides
735 3028 978 3097 muchnentrquarran

52 3092 176 3149 raaearch.
209 3090 246 3139 Of
262 3090 304 3138 the
321 3090 419 3145 former,
432 3105 470 3137 we
488 3090 549 3137 have
566 3090 623 3137 here
640 3105 670 3136 an
686 3090 795 3136 instance
812 3102 838 3134 m
852 3088 976 3144 manahe,

53 3152 137 3213 which
147 3167 199 3199 was
210 3150 252 3198 the
264 3149 385 3198 technieal
398 3159 458 3196 term
470 3149 507 3197 for
517 3165 531 3196 a
542 3149 660 3208 marriage
677 3147 740 3208 legal
756 3148 781 3194 in
797 3147 830 3195 all
845 3146 878 3193 its
894 3145 975 3214 condi·

54 3212 214 3265 Iloua-78.
233 3210 344 3257 Observa
360 3208 402 3256 the
419 3209 542 3267 emphasis
558 3207 656 3256 derived
672 3207 734 3255 from
749 3206 792 3275 the
808 3205 936 3264 repetitron
946 3202 976 3252 of

67 3272 74 3285 ⁸
95 3272 176 3322 ’ψ’-82.
192 3268 308 3325 Inlotus,
324 3272 370 3317 ‘on
386 3268 419 3316 its
434 3268 506 3324 side‚'
519 3283 546 3315 or
560 3272 632 3315 ‘over
642 3282 674 3314 on
689 3267 721 3314 its
737 3265 892 3313 side.'-83.
911 3262 977 3311 Con·

40 3349 45 3365 ι
106 3337 210 3379 amant
228 3327 348 3376 intransit.
363 3328 424 3375 with
442 3336 517 3375 ruent
535 3327 638 3383 transit,
654 3341 678 3373 v.
696 3329 734 3373 85.
766 3324 814 3371 See
831 3322 883 3371 also
898 3337 923 3371 v.
938 3324 977 3371 85.

54 3388 179 3453 [lumpero
194 3388 244 3439 this
260 3387 406 3448 description
422 3386 451 3436 os
463 3404 478 3435 u
487 3396 564 3436 storm
575 3396 599 3435 at
611 3401 654 3435 sea
664 3384 724 3435 with
741 3382 852 3440 another,
865 3380 928 3433 Aea.
941 3396 977 3432 ur.

55 3452 109 3503 tos.
