2086 3622
419 171 510 211 crosa
528 171 584 212 xrr.
903 158 961 214 427

112 296 220 351 Nomen
231 297 392 351 Echionium
403 297 548 368 matrisque
559 314 645 366 genus
657 298 794 369 Peridiae,
909 303 960 352 515

113 366 164 419 Hic
176 367 271 421 iratres
283 366 367 435 Lycia
378 367 474 420 missos
486 378 514 420 et
525 367 655 436 Apollinis
666 369 743 437 agris,

113 435 148 488 Et
159 434 287 504 juvenem
300 452 412 488 exosum
423 437 606 506 nequidquam
618 436 689 490 bella
700 438 854 507 Menoeten,

112 504 226 572 Areada,
240 507 360 574 piscosae
373 505 417 558 cui
429 505 530 558 circum
542 505 769 559 flumina‘Lernae
826 556 829 562 r

111 574 165 626 Ars
176 573 263 627 suerat
275 590 429 643 pauperque
442 573 545 642 domus,
559 591 610 627 neo
622 583 683 628 nota
695 582 832 644 potentum

111 642 234 711 Munera,
248 643 432 763 conductaque
443 652 518 711 pater
531 643 625 696 tellure
637 645 752 698 serebat.
765 666 768 671 ·
907 647 958 696 520

111 714 153 763 Ac
166 712 238 764 velut
251 712 364 764 immissi
397 712 490 763 iversis
501 712 622 780 partibus
633 713 709 780 ignes

111 781 240 832 Arentem
253 780 280 832 in
292 780 388 832 silvam
400 791 427 832 et
439 779 552 848 virgulta
564 784 684 835 sonantia
696 783 769 836 lauro
776 798 784 851 5

111 850 165 900 Aut
178 849 225 901 ubi
238 848 352 902 decursu
366 848 457 918 rapido
469 850 504 902 de
516 849 651 902 montibus
662 850 723 904 altis

110 916 179 971 Dant
192 918 306 971 sonitum
320 919 439 988 spumosi
450 935 552 988 amnes,
566 928 593 971 et
604 919 632 971 in
643 924 759 988 aequora
771 926 877 973 currunt

110 987 229 1055 Quisque
242 1004 322 1040 suum
334 987 475 1057 populatus
486 988 552 1041 iter:
572 1004 625 1040 non
637 989 745 1057 segnius
756 988 836 1042 ambo
906 991 957 1040 52⁵

109 1058 218 1108 Aeneas
229 1057 387 1125 Turnusque
400 1070 477 1109 ruunt
489 1074 537 1126 per
548 1057 647 1126 proelia
654 1074 662 1127 5
682 1076 759 1138 nunc,
772 1075 843 1112 nuuc

111 1125 236 1176 Fluctuat
249 1125 287 1177 ira
299 1126 386 1192 intus;
405 1136 562 1194 rumpuntur
574 1127 664 1179 nescia
676 1127 749 1180 vinci

111 1194 221 1246 Pectora
228 1210 236 1261 5
254 1211 326 1246 nunc
339 1195 400 1246 totis
412 1196 439 1246 in
451 1194 562 1247 vulnera
573 1195 676 1247 viribus
688 1196 748 1248 itur.

110 1263 268 1315 Murranum
280 1261 333 1331 hio,
346 1271 438 1315 atavos
450 1270 599 1316 atavorum
610 1264 720 1332 antiqua
731 1271 872 1317 sonantem

109 1331 233 1398 Nomina,
248 1348 295 1399 per
307 1347 436 1399 regesque
448 1339 540 1384 actum
551 1346 637 1400 genus
647 1349 727 1386 omne
738 1334 854 1403 Latinos,
908 1334 958 1384 530

110 1400 288 1478 Praecipitem
301 1400 410 1468 scopulo
422 1408 503 1467 atque
516 1401 631 1468 ingentis
642 1401 747 1454 turbine
760 1402 817 1455 sarri

111 1470 227 1537 Excutit,
241 1468 409 1537 effunditque
423 1469 493 1536 solo,
513 1469 584 1522 hunc
595 1469 652 1523 lora
664 1478 691 1522 et
701 1469 765 1540 juga
777 1472 869 1524 subter

110 1538 267 1590 Provolvere
280 1548 368 1605 rotae3
386 1537 477 1590 crebro
490 1554 569 1607 super
582 1539 681 1606 ungula
692 1540 772 1609 pulsu

110 1607 195 1660 Incita
207 1623 258 1659 nec
269 1606 371 1660 domini
383 1623 534 1660 memorum
546 1609 680 1676 proculcat
692 1625 830 1678 equorum.

110 1676 159 1728 llle
172 1677 257 1729 ruenti
270 1675 349 1745 Hyllo
361 1676 510 1746 animisque
523 1677 642 1730 immane
654 1677 780 1731 frementi
907 1680 957 1729 535

110 1746 237 1814 Occurrit,
250 1745 388 1814 telumque
400 1756 493 1798 aurata
503 1746 538 1798 ad
551 1754 671 1816 tempora
683 1756 801 1817 torquet:

110 1814 161 1866 Olli
173 1831 220 1882 per
231 1813 338 1879 galeam
350 1815 402 1866 fixo
414 1814 488 1866 stetit
500 1813 576 1867 hasta
588 1816 705 1868 cerebro.

110 1882 227 1934 Dextera
239 1899 289 1933 nec
302 1889 394 1951 tuate,
408 1882 518 1934 Graium
531 1883 683 1952 fortissime,
697 1885 821 1955 Cretheu,

111 1951 215 2018 Eripuit
227 1951 330 2016 Turne,
348 1966 399 2002 nec
410 1950 437 2002 di
450 1957 541 2002 texere
553 1952 718 2023 Cupencum,

110 2022 204 2072 Aenea
216 2019 348 2086 veniente,
362 2020 402 2071 sui
412 2035 420 2087 5
437 2019 512 2071 dedit
523 2020 602 2073 obvia
614 2021 682 2073 ferro
907 2026 958 2076 540

110 2089 229 2157 Pectora,
242 2104 293 2140 nec
305 2089 403 2140 misero
416 2087 495 2157 clipei
507 2105 581 2142 mora
593 2089 689 2160 profuit
701 2089 783 2142 aerei.

109 2158 149 2209 Te
161 2174 267 2226 quoque
279 2158 425 2209 Laurentes
437 2157 565 2227 viderunt,
579 2159 671 2228 Aeole,
684 2159 773 2228 campi

110 2227 242 2296 Oppetere
256 2235 282 2278 et
295 2226 348 2278 late
362 2234 457 2279 terram
470 2236 638 2281 consternere
651 2237 724 2297 tergo
732 2244 739 2296 5

110 2296 222 2363 Occidis,
238 2296 354 2362 Argivae
366 2312 449 2363 quem
461 2312 512 2348 non
525 2306 634 2366 potuere
647 2297 794 2367 phalanges

110 2365 240 2432 Sternere,
255 2381 305 2416 nec
317 2363 417 2417 Priami
431 2381 570 2432 regnorum
583 2383 689 2420 eversor
701 2366 823 2420 Achilles
828 2383 836 2435 5
907 2371 958 2420 545

110 2433 159 2486 Ηίο
173 2434 220 2486 tibi
234 2434 325 2486 mortis
336 2442 411 2485 erant
423 2444 520 2501 metae,
534 2435 631 2488 domus
641 2435 696 2489 alta
707 2435 758 2488 sub
770 2435 825 2504 lda,

110 2503 235 2572 Lyrnessi
250 2503 346 2556 domus
357 2503 419 2571 alta,
433 2503 488 2554 solo
500 2505 633 2558 Laurente
645 2503 826 2575 sepulchrum.

109 2572 192 2624 Totae
205 2573 272 2624 adeo
284 2588 429 2624 conversae
442 2573 522 2640 acies,
535 2591 681 2643 omnesque
694 2573 790 2642 Latini,

109 2641 209 2692 Omnes
222 2641 398 2708 Dardanidae,
412 2641 579 2710 Mnestheus,
592 2660 709 2711 acerque
723 2643 853 2711 Serestus,

110 2709 144 2760 Et
156 2710 303 2777 Messapus
314 2726 415 2776 equum
426 2709 547 2778 domitor,
561 2719 588 2762 et
601 2711 674 2763 sortis
687 2709 783 2778 Asilas,
908 2715 959 2763 550

68 2834 120 2878 515.
137 2830 246 2888 Noctem
268 2831 346 2879 either
364 2832 406 2879 the
422 2833 561 2881 accusative
577 2833 605 2881 of
620 2833 758 2889 limitation,
777 2833 802 2880 in
820 2833 853 2882 its
870 2833 958 2882 widest

40 2889 193 2948 application,
207 2891 332 2950 generally
343 2890 421 2938 called
436 2891 477 2938 the
494 2892 631 2940 accusative
648 2891 676 2940 os
687 2892 729 2939 the
746 2900 852 2940 remoter
867 2892 956 2951 object,

40 2948 177 3054 {chivalont
194 2959 219 2996 to
235 2951 335 3004 nomine,
354 2965 380 2997 or
395 2966 487 3005 nomeu,
506 2950 555 2997 like
571 2968 648 3013 genus
666 2951 706 3007 (iv.
720 2953 765 3007 12),
783 2950 857 2999 isusor
872 2950 958 2999 filium.

90 3011 187 3063 ionium,
209 3008 246 3055 his
266 3007 367 3055 lnther's
389 3023 459 3054 name
478 3024 529 3056 was
552 3009 830 3066 Echion—516.Hic‚
849 3009 957 3057 Turnus.

40 3062 275 3134 Lydia-Apollinis,
294 3067 325 3113 iv.
344 3070 491 3114 tta—518.
508 3066 611 3124 Lernae,
629 3068 661 3116 vi.
673 3071 823 3116 eea-520.
840 3067 956 3123 Munera,

40 3133 102 3171 artes
115 3124 278 3172 bellu-522.
296 3125 423 3179 Sonantia,
436 3125 494 3181 dac,
507 3126 539 3173 vi.
549 3130 601 3175 704.
611 3130 700 3175 -529,
716 3127 774 3180 Hic.
786 3128 893 3175 Aeneas.
910 3126 958 3175 See

40 3185 185 3230 osa-533.
204 3183 325 3232 construe
342 3183 440 3245 Ungula
452 3201 562 3245 equorum
572 3187 654 3241 incita,
668 3193 753 3242 nectet
765 3187 799 3233 ita
809 3191 865 3240 non)
934 3203 957 3233 o·

40 3256 91 3288 rum
97 3243 186 3309 domini
195 3259 267 3304 super
276 3246 394 3304 promulcet
405 3245 482 3311 crebre
490 3246 572 3305 pulsu.
582 3248 670 3292 —535.
683 3245 736 3298 Ille,
746 3244 854 3293 Turnus.
871 3202 956 3300 1η),

40 3317 62 3348 ·o
78 3300 300 3348 unctium-541.
317 3301 398 3357 Aerer',
420 3302 700 3362 adrssyllable.-542.
717 3303 798 3359 Aeolo,
816 3318 848 3351 rr.
867 3307 877 3351 l
912 3325 959 3350 .-

40 3359 90 3425 540.
109 3357 160 3414 lea,
179 3359 203 3407 ri.
220 3361 374 3417 eet-7547.
391 3359 519 3423 Lyrnessi,
537 3377 560 3410 x.
579 3365 726 3411 mre-550.
744 3361 852 3412 Domitor
866 3363 900 3424 by
914 3361 958 3412 the

40 3431 107 3466 nors.
