2086 3622
64 133 122 190 868
445 142 604 186 aauaruos.

168 273 304 327 Massicus
315 282 406 327 aerata
417 274 542 344 princeps
554 276 628 322 secat
639 283 755 338 aequora
767 266 857 350 Tigri}

133 344 187 396 Sub
200 361 251 412 quo
263 344 337 396 mille
349 360 445 397 manus
457 341 594 411 juvenum,
607 338 653 407 qui
665 338 772 390 moenia
783 337 867 409 Clusr,

134 412 240 483 Quique
253 414 347 465 urbem
360 414 461 481 liquere
474 411 554 462 Cosas
562 426 569 477 5
587 408 647 475 quis
658 408 712 460 tela
724 406 836 474 sagittae

134 483 277 552 Corytiquc
290 483 364 534 leves
377 480 496 534 humeris
508 490 536 531 et
548 478 638 530 letifer
649 494 735 528 arcus.

133 551 194 604 Una
206 561 295 604 torvus
304 550 378 603 Abas
386 568 393 618 5
412 550 474 603 huic
488 556 573 600 totum
587 546 733 614 insignibus
744 546 828 598 annis
938 552 987 603 m

133 623 239 688 Agmen
252 631 278 672 et
291 628 382 672 aurato
394 619 513 686 fulgebat
525 616 648 685 Apolline
661 614 765 685 puppis.

134 688 278 742 Sescentos
289 688 326 740 illi
338 688 449 741 dederat
461 686 606 756 Populonia
618 694 704 737 mater

134 759 265 826 Expertes
275 757 340 810 belli
351 757 466 826 juvenes
473 774 481 825 5
501 765 542 807 ast
555 755 611 807 llva
623 762 756 806 trecentos

133 827 231 895 Insula,
246 826 412 879 inexhaustis
424 825 575 895 Chalybum
587 839 716 892 generosa
728 823 853 877 metallis.

134 896 248 965 Tertius,
262 896 306 948 ille
319 896 458 948 hominurn
470 895 613 962 divomque
627 894 757 962 interpres
768 894 867 963 Asilas,
936 898 988 948 17⁶

135 965 183 1016 Cui
195 966 330 1033 pecudum
342 966 432 1033 fibrae,
446 964 515 1018 coeli
527 964 572 1016 cni
583 963 670 1015 sidera
681 970 775 1031 parent

135 1034 170 1086 Et
182 1034 288 1102 linguae
301 1034 438 1086 volucrum
451 1045 478 1085 et
491 1033 612 1101 praesagi
623 1030 743 1085 fulminis
755 1031 838 1101 ignes,

134 1103 212 1155 Mille
225 1104 291 1173 rapit
303 1103 401 1156 densos
412 1103 471 1155 acie
483 1113 564 1170 atque
577 1101 744 1154 horrentibus
755 1100 848 1153 hastis.

134 1172 190 1225 Hos
202 1190 295 1242 parere
306 1172 400 1241 jubent
413 1171 535 1240 Alpheae
547 1171 582 1223 ab
593 1169 695 1237 origine
708 1171 794 1238 Pisae,

134 1241 204 1294 Urbs
217 1243 330 1295 Etrusca
342 1242 405 1294 solo.
441 1241 564 1309 Sequitur
575 1240 772 1309 pulcherrimus
783 1241 874 1310 Astur,
938 1244 987 1294 tao

134 1311 216 1363 Astur
228 1328 296 1380 equo
309 1312 395 1364 fidens
407 1319 433 1363 et
446 1309 648 1362 versicoloribus
658 1308 748 1361 armis.

135 1379 188 1431 Ter
200 1390 309 1433 centum
321 1380 563 1449 adjiciunt-mens
575 1379 701 1431 omnibus
711 1394 766 1430 una
777 1376 948 1447 sequendi?-

135 1447 187 1507 Qui
200 1450 311 1501 Caerete
324 1450 410 1517 domo,
424 1448 470 1518 qui
483 1457 543 1500 sunt
555 1448 684 1501 Minionis
696 1448 723 1499 in
735 1444 815 1517 arvis,

136 1517 170 1569 Et
184 1518 264 1586 Pyrgi
276 1526 388 1587 veterae,
402 1520 632 1586 intempestaeque
644 1516 797 1570 Graviscae.

135 1586 194 1638 Non
208 1603 257 1653 ego
270 1595 304 1656 te,
319 1588 445 1655 Ligurum
457 1586 552 1639 ductor
563 1586 706 1639 fortissime
718 1584 797 1654 bello,
937 1591 986 1640 18⁵

134 1655 304 1723 Transierim,
318 1657 422 1725 Cinyra,
436 1664 463 1708 et
474 1656 570 1724 paucis
581 1656 706 1709 comitate
718 1655 835 1723 Cupavo,

133 1723 215 1791 Cujus
226 1725 341 1777 olorinae
353 1734 464 1792 surgunt
475 1725 510 1776 de
523 1725 622 1778 vertice
634 1740 775 1794 pennae-

135 1793 242 1845 Crimen
255 1811 330 1846 amor
342 1793 653 1862 vestrum—formaeque
665 1794 769 1862 insigne
781 1802 921 1863 paternae.

134 1863 260 1932 Namque
272 1862 360 1916 ferunt
372 1862 446 1916 luctu
458 1865 579 1932 Cycnum
593 1862 765 1916 Phaethontis
775 1864 869 1933 amati,

134 1932 265 2002 Populeas
278 1934 346 1985 inter
357 1933 465 1986 frondes
476 1932 600 1986 umbram
620 1948 655 1985 ue
667 1948 786 1985 sororum
938 1940 989 1988 190

134 2002 205 2054 Dum
217 2003 288 2055 canit
300 2011 327 2055 et
339 2010 473 2056 moestum
484 2003 566 2055 Musa
577 2018 607 2054 so
635 2011 677 2054 tur
687 2018 815 2073 amorem,

134 2072 281 2125 Canentem
294 2072 368 2125 molli
381 2071 473 2141 pluma
483 2071 593 2125 duxisse
605 2080 752 2141 senectam,

134 2140 314 2209 Linquentem
327 2149 410 2194 terras
421 2150 449 2194 et
461 2141 550 2195 sidera
561 2157 628 2195 voce
640 2149 809 2210 sequentem.

134 2208 226 2279 Filius,
240 2210 360 2279 aequalis
370 2210 514 2264 comitatus
525 2210 613 2264 classe
624 2218 684 2263 cate

134 2278 275 2345 Ingentem
288 2280 369 2333 remis
381 2281 543 2333 Centaurum
555 2288 709 2361 promovet:
728 2280 738 2335 i
758 2296 775 2333 e
939 2284 988 2337 195

134 2347 217 2400 Instat
229 2365 324 2417 aquae,
339 2365 488 2418 saxumque
500 2350 580 2403 undrs
591 2350 711 2403 immane
721 2349 840 2405 minatur

134 2417 248 2485 Arduus,
262 2426 290 2470 et
301 2417 380 2485 longa
392 2419 477 2472 sulcat
490 2420 574 2472 maria
584 2419 640 2472 alta
651 2418 751 2473 carina.

167 2484 216 2536 Ille
229 2486 310 2537 etiam
324 2488 415 2555 patriis
425 2504 522 2555 agmen
535 2489 589 2542 ciet
600 2490 690 2542 Ocnus
700 2489 736 2542 ab
747 2488 808 2560 oris,

133 2553 272 2606 Fatidicas
284 2556 395 2608 Mantus
407 2565 433 2609 et
445 2558 527 2610 Tusci
538 2558 610 2612 filius
621 2558 715 2629 amnis,

132 2623 185 2682 Qui
197 2641 287 2678 muros
298 2625 443 2695 matrisque
455 2626 530 2680 dedit
543 2628 598 2698 tibi,
611 2628 734 2697 Mantua,
747 2644 856 2699 nomeu,
935 2633 986 2687 Μ

132 2694 254 2764 Mantua,
267 2693 344 2748 dives
356 2697 414 2748 avis
421 2713 430 2766 5
448 2696 497 2750 sed
509 2711 561 2750 non
572 2713 659 2766 genus
670 2696 795 2751 omuibus
805 2714 908 2755 uuum

93 2848 145 2893 166.
166 2846 244 2907 Tigri.
276 2846 323 2894 See
339 2850 562 2896 arulis—168.
583 2845 878 2908 Quia-quibus.-·l'!4.
934 2816 938 2821 Ι
973 2898 976 2903 .

61 2905 123 2952 bum.
157 2905 205 2952 See
222 2914 246 2952 at
262 2907 312 2954 viii.
325 2909 475 2954 lan-186.
492 2906 555 2956 This
571 2921 675 2966 passage
690 2922 773 2955 seem
787 2914 925 2969 corrupt..'1

62 2964 117 3011 best
128 2964 242 3024 meaning
253 2974 277 3012 to
288 2967 319 3013 be
332 2966 458 3014 extractod
469 2982 496 3013 as
508 2966 525 3013 it
536 2965 621 3014 stands
631 2981 713 3015 seems
724 2972 751 3016 to
760 2966 802 3024 be,
811 2964 867 3015 thar
878 2966 986 3031 Cinym

62 3023 109 3072 and
122 3024 232 3081 Cupavo‚
245 3038 303 3071 sons
319 3026 347 3072 of
360 3026 468 3084 Cycnus,
482 3024 538 3073 who
549 3026 569 3072 is
581 3024 722 3073 mentioned
732 3026 758 3075 in
767 3025 925 3079 comeatum

62 3083 104 3130 the
118 3095 185 3141 story
197 3082 225 3129 of
238 3082 366 3132 Phaethon
378 3084 461 3140 (ovid,
475 3082 536 3132 Met.
548 3085 573 3132 ii.
586 3087 639 3140 369,
653 3085 721 3141 dae),
734 3084 774 3133 led
784 3081 827 3132 the
841 3084 872 3133 L·
922 3085 929 3099 '
963 3090 972 3149 Ἰ

62 3143 109 3190 and
125 3158 191 3191 worc
207 3142 317 3211 onnthoir
334 3152 411 3191 crests
427 3144 517 3213 swuns'
535 3143 652 3199 feathers‚
665 3143 712 3192 and
728 3144 884 3195 heduam
898 3160 941 3211 tq:-
965 3204 971 3213 ,

61 3201 876 3317 tltlgtl‘lltfltl·rifttttttttthlhltlltltdta
959 3207 963 3215 ¹

64 3318 116 3369 'wo
128 3280 208 3376 (amory)
220 3321 256 3370 for
268 3321 397 3369 Phaethon
414 3320 453 3367 led
469 3320 537 3368 them
552 3330 578 3368 to
594 3296 704 3368 mirrmur
715 3322 819 3377 (crimem
830 3298 933 3385 agaim
1000 3317 1033 3386 ·’·Τ’

96 3380 135 3429 ath
146 3383 179 3440 by
190 3381 206 3430 J
208 3382 310 3441 upiter's
322 3378 508 3436 tbuudcrbolts;
526 3379 574 3427 and
584 3378 662 3427 henos
673 3380 736 3429 their
747 3377 982 3447 transformatam
992 3380 1033 3468 ,5
