2086 3622
386 172 477 213 LIBER
498 173 539 212 lx.

72 301 126 360 Qui
138 308 211 370 patet
224 300 251 354 in
262 301 334 354 bivio
346 308 445 370 portae,
459 317 529 369 quae
542 299 661 369 proxima
672 307 770 368 ponto3

71 370 212 439 Interrupti
225 371 308 438 ignee,
322 371 432 438 ater'que
444 371 478 422 ad
491 370 579 422 sidera
592 368 684 421 fumus

73 438 191 506 Erigitur
199 456 206 507 3
225 440 247 491 si
262 440 364 492 fortuna
376 440 529 507 permittitis
542 439 588 505 uti,
869 440 920 489 240

72 507 230 566 Quaesitum
243 511 354 561 Aenean
367 516 393 560 et
407 509 511 560 moenia
522 508 674 560 Pallantea:

68 574 134 629 Mox
146 577 190 629 hic
202 595 263 630 cum
278 577 377 647 spoliis,
392 577 494 643 ingenti
505 577 589 628 caede
601 586 716 645 peracta,

70 645 162 698 Affore
175 647 298 699 cernetis.
334 648 393 699 Nec
406 662 454 698 nos
466 647 509 697 via
522 645 588 697 fallit
601 646 703 697 euntis:

70 714 194 768 Vidimus
206 715 326 768 obscuris
336 715 451 784 primam
464 715 514 766 sub
527 714 640 766 vallibus
652 715 746 767 urbem

70 784 176 836 Venatu
188 784 304 851 assiduo,
319 793 346 835 et
358 791 441 836 totum
455 784 629 861 cognovimus
640 783 767 836 amnem!
869 784 919 833 ete

71 852 122 904 Hic
134 853 211 904 annis
222 853 310 920 gravis
322 862 402 920 atque
414 853 498 904 animi
510 860 631 904 maturus
643 853 750 905 Aletes:

73 921 121 972 ‘Di
133 921 218 991 patrii,
232 938 345 990 querum
357 938 464 990 semper
476 921 526 973 sub
538 922 648 973 numine
659 920 739 989 Troja
750 929 799 989 est,

70 989 131 1042 Non
144 999 233 1043 tamen
247 991 355 1043 omnino
367 991 485 1042 Teucros
496 989 587 1042 delere
600 991 704 1059 paratis,

70 1059 140 1112 Cum
151 1059 212 1112 talis
223 1060 325 1112 animos
336 1059 465 1128 juvenum
479 1068 505 1111 et
518 1068 573 1112 tam
586 1069 659 1111 certa
671 1059 769 1111 tulistis

70 1128 199 1180 Pectora'
224 1128 434 1197 Sicmemorans,
444 1129 569 1181 humeros
577 1129 736 1195 dextrasque
747 1125 855 1179 tenebat
868 1129 918 1176 250

69 1196 227 1266 Amborum,
241 1206 268 1249 et
281 1197 385 1250 vultum
399 1197 516 1249 lacrimis
526 1206 607 1264 atque
619 1213 665 1247 nra
678 1197 788 1263 rigabat.

72 1265 164 1322 ‘Quae
176 1266 259 1334 vobis,
273 1283 342 1336 quae
356 1265 444 1333 digna,
458 1266 515 1330 viri,
529 1282 574 1332 pro
586 1265 710 1317 laudibus
723 1265 779 1317 istis

70 1334 194 1387 Praemia
205 1351 284 1403 posse
297 1351 356 1387 rear
367 1335 453 1387 solvil
472 1334 651 1402 pulcherrima
663 1334 780 1402 primum

70 1404 103 1456 Di
116 1419 257 1472 moresque
270 1403 371 1456 dabunt
384 1404 463 1456 vestri
471 1419 479 1472 3
498 1411 554 1455 tum
567 1413 657 1456 cetera
670 1402 763 1455 reddet

69 1475 198 1525 Actutum
210 1474 271 1542 pius
283 1475 391 1526 Aeneas
401 1483 483 1542 atque
495 1472 598 1540 integer
609 1472 670 1524 aevi
867 1474 917 1522 255

69 1541 209 1611 Ascanius,
223 1543 310 1596 meriti
322 1543 387 1595 tanti
400 1560 451 1595 non
464 1543 607 1595 immemor
618 1541 767 1611 umquam!

71 1610 173 1663 ‘Immo
186 1628 235 1679 ego
247 1629 302 1682 voe,
316 1613 359 1664 eui
372 1611 428 1664 sela
440 1612 513 1664 salus
524 1613 644 1679 genitore
657 1610 784 1680 reducto,'

69 1680 174 1748 Excipit
186 1683 327 1750 Ascanius,
343 1683 405 1750 ‘per
416 1698 534 1750 magnos,
548 1681 622 1747 Nise,
637 1681 744 1734 Penatis

68 1749 245 1818 Assaracique
257 1752 355 1804 Larem
367 1758 394 1803 et
406 1768 490 1803 canae
503 1750 650 1818 penetralia
661 1750 760 1802 Vestae

68 1817 191 1870 Obtestor
197 1835 205 1886 3
224 1836 411 1888 quaecumque
423 1819 491 1873 mihi
502 1819 607 1872 fortuna
618 1819 739 1887 fidesque
751 1829 800 1886 est,
866 1819 917 1867 260

67 1886 99 1938 ln
111 1886 207 1939 vestris
219 1905 287 1956 pono
298 1888 423 1955 gremiis:
443 1897 567 1940 revocate
578 1896 724 1956 parentem,

67 1954 183 2007 Reddite
195 1965 385 2026 conspectum3
403 1956 467 2009 nihil
479 1956 524 2008 illu
536 1957 609 2009 triste
623 1964 739 2025 recepto.

69 2023 135 2076 Bina
147 2023 216 2077 dabo
228 2033 337 2093 argento
349 2025 470 2094 perfecta
481 2033 562 2094 atque
574 2042 669 2094 aspera
680 2023 764 2092 signis

67 2093 175 2162 Pocula,
190 2092 297 2147 devicta
308 2095 410 2161 genitor
421 2110 491 2162 quae
504 2096 575 2163 cepit
587 2095 690 2164 Arisba,

68 2162 103 2214 Et
117 2162 235 2230 tripodas
245 2165 375 2232 geminos,
388 2164 445 2216 auri
456 2163 509 2216 duo
522 2180 618 2232 magna
631 2164 738 2232 talenta,
865 2164 916 2214 265

68 2232 176 2283 Cratera
187 2232 335 2301 antiquum,
350 2249 433 2300 quem
444 2231 490 2285 dat
503 2232 608 2286 Sidonia
620 2233 696 2286 Dido,
874 2237 877 2245 '

67 2299 95 2352 Si
106 2317 169 2352 vero
182 2317 280 2370 capere
291 2301 397 2354 ltaliam
409 2303 574 2371 sceptrisque
586 2302 663 2372 potiri

67 2369 210 2437 Contigerit
222 2371 323 2440 victori,
337 2379 364 2424 et
376 2371 491 2440 praedae
504 2371 595 2424 dicere
608 2381 721 2424 sortem:

66 2439 172 2508 Vidisti,
185 2456 237 2508 quo
248 2440 355 2494 Turnus
365 2457 442 2511 equo,
456 2441 554 2510 quibus
565 2441 620 2494 ibat
633 2441 660 2495 in
672 2443 755 2495 armis

66 2510 172 2561 Aureus
179 2525 187 2577 3
205 2508 297 2578 ipsum
310 2509 394 2580 illum,
408 2510 525 2580 clipeum
538 2511 684 2580 cristasque
697 2511 818 2565 rubentis
864 2513 916 2564 ato

67 2577 207 2646 Excipiam
220 2580 289 2646 sorti,
301 2579 360 2649 jam
371 2596 443 2633 nunc
457 2588 502 2632 tua
513 2578 641 2649 praemia,
655 2582 681 2633 N
683 2582 730 2633 ise.

67 2646 209 2699 Praeterea
221 2647 263 2701 bis
274 2664 323 2702 sex
334 2650 439 2716 genitor
449 2648 597 2702 lectissima
608 2658 725 2702 matrum

66 2714 180 2783 Corpora
191 2717 363 2786 captivosque
375 2717 456 2786 dabit,
471 2734 573 2785 suaque
586 2717 711 2770 omnibus
722 2733 812 2787 arma3

66 2783 178 2852 Insuper
191 2782 239 2853 his,
251 2786 342 2854 >campi
355 2786 424 2854 quod
437 2803 485 2838 rex
497 2786 579 2837 habet
592 2787 650 2853 ipse
663 2786 781 2838 Latinus.

65 2852 105 2903 Te
117 2868 188 2921 vero,
202 2870 264 2906 mea
276 2870 360 2923 quem
371 2855 463 2922 spatiis
475 2854 638 2923 propioribus
649 2862 725 2906 aetas
865 2859 916 2908 275

67 2921 225 2992 Insequitur,
240 2923 392 2976 venerande
404 2940 477 2992 puer,
489 2924 546 2992 jam
558 2932 664 2992 pectore
677 2931 730 2976 toto

24 3049 75 3095 240.
92 3047 238 3097 Permittetis
258 3050 297 3096 ati
314 3064 396 3097 seems
417 3057 443 3096 to
461 3048 522 3096 inser
540 3049 597 3096 here
616 3049 751 3106 mittentes,
772 3050 819 3099 ond
838 3051 916 3100 hence

20 3108 231 3158 meeum-243.
247 3108 270 3155 A
290 3125 329 3155 ore
344 3111 493 3156 nos-255.
510 3108 607 3169 Integer
621 3111 681 3157 oeci.
713 3109 761 3157 See
777 3119 801 3158 at
818 3110 842 3158 ii.
859 3113 913 3159 638.

20 3166 85 3214 ·259.
102 3164 225 3214 Assaraci.
278 3182 306 3214 ee
328 3175 352 3214 et
371 3166 403 3213 vi.
420 3169 569 3215 ote-264.
586 3167 684 3225 Arisba,
709 3184 723 3216 a
742 3178 809 3216 town
827 3168 856 3216 of
872 3169 914 3217 the

20 3223 86 3273 road.
118 3224 174 3272 The
190 3235 262 3272 event
275 3225 372 3274 alluded
383 3236 409 3273 to
420 3225 440 3273 is
451 3226 682 3275 unknown-265.
694 3227 768 3283 Auri,
782 3227 831 3275 &c
863 3228 911 3277 See

20 3296 51 3339 ,ι
59 3284 210 3333 ata-266.
228 3284 337 3333 Sidoniis.
365 3284 412 3332 See
422 3294 446 3333 at
456 3285 488 3334 iv.
498 3289 633 3335 75.-268.
650 3285 742 3340 Dicere,
754 3294 779 3333 to
788 3302 914 3336 anuouuco

20 3356 53 3399 »a
58 3341 189 3393 victorious
200 3343 307 3404 general.
339 3342 431 3393 Others
443 3345 499 3394 read
509 3347 696 3395 ducere-275.
717 3343 757 3402 Te,
771 3345 914 3410 addressing

20 3396 125 3465 Attalus
