2078 3622
438 204 596 243 nuncluce.

125 333 192 387 Ossa
204 332 277 399 locis,
291 332 434 401 tepidoque
446 330 589 384 onerabant
602 348 700 399 aggere
713 340 806 384 terrae.

125 404 185 456 Janr
199 419 261 453 vero
273 404 299 453 in
312 402 396 469 tectis,
411 401 565 469 praedivitis
578 401 642 453 urbe
656 401 747 467 latini,

127 472 290 540 Praecipuus
302 471 388 538 fragor
401 480 427 522 ct
440 470 510 537 longi
522 487 583 537 pars
595 471 714 522 maxima
726 470 822 522 luctus.

126 539 178 592 Hic
190 550 290 592 matres
302 540 469 609 miseraeque
482 556 571 607 nurus,
585 538 628 591 hic
640 556 703 591 cara
715 556 833 591 sororum
923 543 973 593 215

125 610 237 661 Pectora
248 618 422 675 moerentum,
437 609 564 677 puerique
577 608 730 676 parentibus
741 608 804 675 orbi,

125 678 219 731 Dirum
231 686 402 730 exsecrantur
414 678 515 731 bellum
528 678 663 745 Turnique
676 676 858 745 hymenaeos,

124 748 217 815 Ipsum
228 748 317 815 armis,
330 747 472 816 ipsumque
483 746 577 815 jubent
589 746 733 798 decernere
745 746 822 816 ferro,

125 816 177 875 Qui
189 833 300 885 regnum
314 816 407 869 ltaliae
419 827 445 868 et
458 817 556 883 primos
569 816 618 868 sibi
631 825 722 884 poscat
734 814 856 868 honores.

124 887 248 953 lngravat
262 886 330 937 haec
343 901 440 937 saevus
452 886 577 953 Drances,
591 884 729 953 solumque
742 886 829 937 vocari
923 888 974 936 220

125 955 256 1023 Testatur,
270 954 355 1006 solum
369 955 441 1023 posci
454 955 480 1006 in
492 954 640 1005 certamina
652 954 782 1005 Turnum.

125 1023 214 1076 Multa
227 1024 307 1076 simul
320 1034 409 1075 contra
420 1023 502 1076 variis
514 1023 647 1074 sententia
658 1023 737 1074 dictis

125 1093 174 1145 Pro
187 1094 274 1145 Turno
281 1108 289 1160 3
308 1102 335 1144 et
347 1110 475 1159 magnum
490 1092 595 1160 reginae
608 1108 704 1144 nomen
717 1092 858 1145 obumbrat
866 1108 874 1161 3

125 1162 214 1215 Multa
226 1164 313 1214 virum
325 1162 428 1214 meritis
440 1170 569 1213 sustentat
584 1160 657 1212 lama
669 1162 790 1229 tropaeis.

160 1232 215 1283 Hos
227 1232 294 1284 inter
306 1240 400 1298 motus,
411 1230 500 1284 medio
514 1232 538 1283 in
553 1231 680 1298 flagrante
693 1230 816 1300 tumultu,
923 1235 975 1283 225

126 1302 197 1355 Ecce
210 1318 289 1371 super
301 1301 397 1352 moesti
409 1318 508 1367 magna
522 1300 659 1353 Diomedis
670 1301 705 1353 ab
718 1302 783 1354 urbe

125 1371 218 1437 Legati
231 1386 356 1439 responsa
368 1370 469 1421 lerunt:
489 1370 553 1423 nihil
567 1370 693 1422 omnibus
703 1378 794 1422 actum

126 1441 271 1492 Tantorum
285 1440 413 1507 impensis
425 1456 550 1507 operum3
570 1440 606 1491 nil
619 1439 688 1491 dona
700 1455 788 1508 nsque
800 1455 898 1492 autum

127 1510 186 1560 Nec
199 1526 311 1577 magnas
323 1508 439 1560 valuisse
452 1525 562 1577 preces;
581 1508 633 1559 alia
645 1526 721 1561 arma
733 1508 835 1561 Latinis

126 1578 292 1646 Quaerenda,
305 1587 351 1629 aut
363 1594 460 1644 pacem
472 1577 584 1646 Trojano
596 1578 631 1630 ab
644 1594 705 1645 rege
717 1576 871 1646 petendum.
923 1582 974 1631 230

126 1647 222 1699 Delicit
236 1646 336 1713 ingenti
349 1645 421 1698 luctu
435 1664 480 1698 rex
492 1646 548 1714 ipse
561 1648 678 1698 Latinus.

127 1715 248 1766 Fatalem
261 1718 372 1767 Aenean
385 1715 526 1767 manifesto
538 1716 647 1768 numine
659 1715 720 1767 ferri

126 1783 260 1836 Admonet
274 1784 312 1835 ira
324 1783 406 1835 deum
419 1784 567 1853 tumulique
579 1798 641 1837 ante
653 1801 699 1836 ora
710 1792 841 1839 recentes.

127 1854 197 1920 Ergo
209 1853 351 1906 concilium
363 1870 488 1920 magnum
501 1856 653 1925 primosque
664 1871 772 1907 suorum

126 1922 241 1991 Imperio
254 1922 354 1975 accitos
366 1922 419 1974 alta
433 1923 501 1975 intra
512 1924 604 1976 limina
615 1924 695 1991 cogit.
924 1928 973 1977 2³5

126 1992 177 2045 Olli
190 2008 347 2059 convenere,
362 1992 501 2060 fluuntque
513 1993 547 2045 ad
560 1992 633 2060 regia
644 1992 732 2061 plenis

127 2062 210 2113 Tecta
222 2063 280 2114 viis.
316 2061 397 2112 Sedet
409 2062 434 2113 in
448 2061 543 2113 mediis
555 2070 582 2114 ct
594 2062 729 2115 maximus
739 2078 807 2113 aevo

128 2131 162 2184 Et
175 2132 276 2199 primus
288 2131 406 2198 sceptris,
421 2130 489 2182 haud
505 2132 574 2183 laeta
585 2131 678 2199 fronte,
692 2130 810 2184 Latinus.

127 2202 217 2269 Atque
230 2201 274 2252 hic
286 2199 388 2267 legatos
400 2200 495 2251 Aetola
508 2218 541 2253 ex
554 2201 618 2253 urbe
632 2200 764 2269 remissos,

127 2268 204 2325 Quae
218 2270 339 2337 referant,
354 2269 401 2319 lari
412 2268 496 2338 jubet,
511 2280 538 2321 et
551 2286 675 2338 responsa
688 2286 715 2321 re
751 2269 800 2321 scit
922 2274 973 2323 ato

127 2338 224 2390 Ordine
238 2348 334 2391 cuncta
347 2354 403 2390 sno.
439 2339 509 2390 Tum
522 2338 593 2390 sacta
605 2338 711 2390 silentia
733 2338 826 2409 inguis,

128 2406 162 2459 Et
176 2408 295 2459 Venulus
307 2408 376 2459 dicto
388 2424 485 2475 parens
497 2409 534 2459 ita
545 2408 624 2460 farier
635 2408 707 2460 infit:

163 2476 306 2544 ‘Vidimus,
320 2493 335 2527 o
347 2478 428 2542 cives,
443 2477 600 2529 Diomedem
613 2475 766 2544 Argivaque
777 2484 873 2548 castra,

126 2547 216 2614 Atque
229 2546 278 2597 iter
290 2546 393 2597 emensi
406 2562 485 2596 casus
497 2544 682 2613 superavimus
693 2544 780 2597 omnis

127 2615 343 2683 contigimusque
356 2631 473 2682 manum,
486 2630 539 2681 qua
551 2614 667 2666 concidit
679 2612 728 2665 Ilia
739 2583 827 2667 tellus.
922 2618 973 2669 210

126 2684 174 2737 Ille
187 2683 281 2737 urbem
294 2684 453 2753 Argyripam
465 2683 565 2752 patriae
577 2684 735 2752 cognomine
747 2684 837 2752 gentis

126 2753 216 2806 Victor
228 2754 343 2821 Gargani
355 2752 486 2805 condebat
498 2753 605 2823 Iapygis
615 2753 695 2806 arria.

126 2822 270 2892 Postquam
283 2823 431 2890 introgressi
445 2830 472 2873 et
484 2839 574 2875 coram
587 2823 650 2875 data
661 2822 738 2893 copia
750 2822 833 2889 fandi,

126 2892 242 2944 Munera
254 2893 436 2961 praeferimus,
450 2908 547 2944 nomen
560 2892 727 2961 patriamque
738 2891 877 2961 docemus,

126 2960 177 3018 Qui
191 2961 292 3014 bellum
305 2960 448 3028 intulerint,
462 2978 531 3030 quae
543 2978 625 3013 causa
636 2961 772 3014 attraxerit
783 2964 879 3029 Arpos.
923 2964 973 3013 200

57 3076 88 3124 vi.
104 3080 253 3123 eas-221.
289 3076 409 3125 Testatur.
441 3078 487 3124 See
510 3080 561 3131 115,
582 3076 727 3125 tac-226.
753 3074 971 3139 Urhs‚'Argyripl,

57 3150 84 3183 or
94 3136 132 3183 Ar
150 3136 164 3182 i.
197 3136 244 3183 Sec
255 3138 309 3191 246,
322 3140 375 3191 250,
388 3135 434 3183 and
446 3151 468 3194 p.
481 3139 534 3189 317,
548 3136 596 3183 line
608 3139 740 3185 19,-239,
757 3136 851 3191 Aetola.
863 3150 888 3184 x.
899 3136 974 3183 20.-

56 3197 108 3242 242.
153 3196 249 3249 enclus,
266 3194 315 3241 viii.
333 3199 356 3250 9,
376 3194 423 3241 dac.
461 3194 556 3243 Farier.
588 3194 635 3243 Sec
653 3195 684 3242 iv.
700 3196 854 3243 teu—ets.
870 3191 965 3257 Argius

56 3254 105 3301 See
124 3264 148 3301 at
165 3255 179 3302 i.
196 3256 345 3301 eea-246.
362 3252 463 3321 Patriae
478 3255 568 3314 gentis,
586 3254 668 3307 Argos
685 3254 810 3313 Hippiam,
826 3252 853 3301 in
868 3252 972 3309 umas.

57 3312 117 3359 from
129 3313 209 3361 which
225 3313 256 3360 he
272 3311 360 3359 named
372 3312 596 3371 Argyripa-247.
617 3312 668 3360 Gar
684 3329 755 3367 anus,
767 3326 824 3360 now
835 3310 925 3361 Mouet
935 3308 972 3361 St.

56 3371 163 3478 qhtnfigfeglp,
185 3372 210 3420 in
229 3372 328 3432 Apulia.
361 3370 443 3433 lappa,
464 3370 525 3418 used
544 3331 689 3432 adjectivel'ir
707 3371 743 3420 for
761 3370 887 3433 Iapygiae.
925 3370 973 3421 flu
