2086 3622
455 157 614 197 internos.

145 286 268 355 Munera,
281 302 351 355 quae
362 288 453 356 patriis
465 286 497 336 ad
512 302 556 337 me
569 286 678 354 portatis
689 284 724 339 ub
736 287 795 355 oris,

145 354 248 408 Vertite
259 355 294 407 ad
307 358 426 408 Aenean.
463 355 593 407 Stetimus
605 355 658 406 tela
670 371 768 423 aspera
779 364 883 425 eontra,

145 424 364 495 Contuiimusque
376 440 485 477 manus:
506 434 614 492 experto
626 426 734 492 credite,
748 432 868 493 quantus

145 493 175 546 In
187 494 303 563 clipeum
315 494 449 562 adsurgat,
462 508 514 561 quo
528 493 630 546 turbine
643 502 764 563 torqueat
777 492 899 548 hastam.

144 561 171 614 Si
183 562 235 615 duo
247 572 386 631 praeterea
401 562 462 614 talis
474 563 555 613 idaea
567 562 671 615 tulisset
948 570 998 619 285

143 632 225 684 Terra
237 631 315 693 viros,
328 632 395 684 uitro
408 632 530 684 Inachias
542 632 660 684 venisset
671 631 705 684 ad
719 630 800 685 urbes

143 699 290 769 Dardanus,
303 708 331 752 et
342 702 427 752 versis
439 700 540 769 lugeret
553 701 663 753 Graecia
676 700 746 754 satis.

142 768 279 837 Quidquid
291 770 361 839 apud
375 770 456 822 durae
469 781 605 822 cessatum
617 778 658 823 est
669 770 776 822 moenia
787 768 896 843 Troiae,

142 838 264 890 Hectoris
277 841 438 908 Aeneaeque
450 856 531 891 manu
545 840 653 891 victoria
663 839 774 892 Graium

142 906 238 960 Haesit
250 918 277 960 et
290 909 315 960 in
329 909 464 960 decimum
476 907 589 975 vestigia
601 908 688 961 retulit
700 925 810 961 annum.
948 915 998 963 290

141 975 230 1029 Ambo
242 978 346 1046 animis,
359 978 439 1030 ambo
452 978 569 1045 insignes
600 977 776 1031 raestantibus
787 976 888 1047 annis3

142 1045 192 1097 Hic
204 1046 303 1115 pietate
315 1047 392 1115 prior.
429 1048 527 1099 Coeant
541 1046 567 1099 in
580 994 688 1099 iiredera
700 1048 819 1116 dextrae,

141 1114 201 1172 Qua
212 1115 304 1185 datur,
323 1124 364 1168 ast
375 1117 457 1169 armis
469 1125 623 1169 concurrant
635 1133 710 1169 arma
721 1116 847 1168 cavete.’²

142 1185 176 1237 Et
189 1201 316 1254 responsa
328 1186 405 1239 simui
419 1203 488 1255 quae
500 1185 559 1254 sint,
573 1202 619 1238 rex
631 1186 738 1254 optime,
752 1184 823 1253 regis

141 1254 255 1323 Audisti,
270 1264 296 1306 et
309 1272 379 1324 quac
392 1256 424 1307 sit
438 1272 534 1323 magno
547 1256 679 1307 sententia
690 1253 779 1307 bello.²
946 1262 997 1310 295

176 1324 226 1375 Vix
239 1342 271 1376 ea
283 1324 378 1392 legati:
398 1325 539 1393 variusque
551 1341 655 1393 perora
667 1323 781 1376 cucurrit

141 1394 308 1446 Ausonidum
322 1393 425 1446 turbata
438 1394 534 1446 fremor
542 1410 549 1461 5
567 1410 617 1445 ceu
630 1410 694 1445 sana
705 1400 844 1445 morantur

141 1461 210 1513 Cum
223 1462 328 1531 rapidos
339 1464 433 1531 amuis,
447 1464 476 1516 frt
489 1462 579 1514 clauso
590 1462 694 1531 gurgite
705 1478 835 1531 murmur,

141 1530 306 1599 vicinaeque
319 1531 436 1584 fremunt
450 1534 522 1601 ripae
534 1530 725 1601 crepitantibus
738 1531 825 1585 undis.

142 1599 176 1651 Ut
190 1600 303 1667 primum
317 1601 412 1669 placati
425 1603 514 1669 animi,
529 1610 555 1652 et
568 1600 671 1669 trepida
682 1618 728 1653 ora
739 1600 876 1673 quierunt,
945 1608 996 1657 300

141 1668 280 1720 Praefatus
292 1670 367 1721 divos
379 1671 443 1722 solio
456 1687 502 1723 rex
514 1671 570 1723 infit
582 1670 617 1723 ab
628 1670 697 1722 alto:

175 1740 258 1791 ‘Ante
272 1739 398 1807 equidem
411 1757 518 1792 summa
529 1740 563 1792 de
578 1756 605 1791 rc
617 1740 748 1807 statuisse,
762 1738 862 1811 Latini,

142 1807 176 1860 Et
188 1807 295 1877 vellem,
309 1817 336 1860 et
348 1808 434 1861 suerat
447 1809 545 1861 meiius
552 1825 560 1878 5
579 1826 629 1861 non
642 1817 760 1877 tempore
773 1807 821 1861 tali

142 1878 242 1944 Cogere
254 1877 404 1948 concilium,
418 1896 479 1931 cum
494 1895 584 1931 muros
595 1878 694 1931 assidet
707 1876 799 1930 hostis.

142 1946 248 1999 Bellum
261 1947 448 2017 importunum,
462 1948 542 2016 cives,
556 1965 618 2000 cum
630 1958 711 2015 gente
722 1946 834 2000 deorum
949 1954 997 2005 3⁰5

142 2017 304 2085 Invictisque
317 2018 381 2069 viris
392 2017 518 2086 gerimus,
550 2034 598 2069 uos
609 2016 683 2069 rudia
695 2016 807 2085 fatigant

142 2086 253 2153 Proelia,
267 2104 317 2139 nec
329 2088 391 2139 victi
404 2096 513 2155 possunt
525 2034 653 2139 aiiosistere
666 2086 743 2137 ferro.

143 2155 223 2222 Spem
236 2158 258 2208 si
271 2173 352 2224 quam
364 2156 473 2207 adscitis
484 2156 612 2207 Aetolum
624 2154 755 2208 habuistis
765 2152 792 2207 in
805 2156 900 2225 armis,

143 2224 256 2345 Ponite.¹
288 2224 354 2303 §pes
378 2225 428 2278 sibi
452 2225 579 2294 quisque3
608 2224 656 2277 sed
680 2222 748 2277 hacc
771 2239 857 2293 quam
880 2237 1001 2299 angusta

213 2302 317 2346 vitetis.

143 2362 239 2414 Cetera
250 2380 303 2430 qua
316 2380 403 2415 rerum
415 2362 522 2431 jaceant
535 2362 657 2431 perculsu
669 2361 753 2431 ruina,
950 2371 1000 2421 ³1⁰

143 2433 214 2483 Ante
227 2431 317 2483 oculos
328 2433 450 2500 interque
463 2450 558 2484 manus
570 2442 630 2484 sunt
642 2432 732 2483 omnia
745 2441 859 2485 vestras.

143 2501 203 2551 Nec
215 2516 377 2567 quemqnam
392 2502 497 2552 incuso:
519 2501 602 2570 potuit
616 2517 685 2569 quae
698 2499 814 2569 piurima
827 2501 917 2557 virtus

144 2570 218 2637 Esse,
232 2567 283 2621 fuit
291 2585 299 2638 5
318 2577 370 2620 toto
383 2578 512 2621 certaturn
526 2580 566 2621 est
579 2580 686 2639 corpore
697 2569 782 2637 regni.

142 2640 222 2692 Nunc
234 2638 309 2707 adeo,
323 2655 393 2707 quae
408 2640 441 2691 sit
454 2639 552 2691 dubiae
565 2637 698 2691 sententia
710 2638 803 2707 menti,

145 2707 294 2778 Expediam
308 2718 334 2760 et
347 2709 577 2777 paucis—animos
588 2706 866 2764 adhibete-docebo.
952 2716 1000 2769 311

144 2778 194 2830 Est
206 2779 332 2846 antiquus
342 2796 407 2846 ager
418 2779 506 2829 Tusco
519 2777 586 2829 mihi
599 2778 736 2846 proximus
747 2776 831 2847 amni,

145 2847 252 2913 Longus
264 2848 289 2900 in
302 2865 435 2916 occasum,
449 2847 509 2898 finis
521 2864 600 2914 super
612 2864 698 2915 usque
711 2846 837 2916 Sicanos,

104 2974 156 3017 282.
174 2970 298 3027 Stetimus,
317 2972 365 3020 &c
383 2974 398 3020 i.
415 2976 550 3022 {tn—285.
575 2971 647 3020 Idaea
664 2982 737 3027 terra,
756 2972 844 3030 Tro'a,
865 2976 892 3025 ii.
912 2980 1001 3029 694.-

75 3032 128 3075 286.
146 3029 264 3080 Inachius,
284 3032 399 3086 Graecus,
417 3032 458 3080 vii.
475 3035 629 3080 een—287.
646 3031 787 3087 Dardanus,
833 3034 924 3095 rojuni.
956 3036 1000 3087 fleu

77 3099 100 3134 nt
111 3089 143 3136 vi.
156 3092 209 3144 648,
223 3089 269 3135 end
281 3106 294 3136 n
305 3091 397 3138 similar
407 3090 603 3149 personiticntion
615 3100 639 3137 ut
651 3091 684 3137 ix.
695 3092 848 3141 riu—292.
867 3093 999 3153 Pium

76 3151 129 3203 378,
143 3148 189 3195 und
200 3163 223 3207 p.
235 3151 289 3204 204,
303 3148 350 3195 line
362 3153 479 3198 9.-307.
496 3149 547 3197 Nec
554 3158 666 3212 possunt,
677 3160 701 3195 et
713 3148 791 3197 virtus
801 3148 919 3212 ingenit·
928 3161 999 3206 m

77 3207 124 3254 See
143 3210 293 3255 dua-309.
310 3207 406 3263 Ponite,
425 3208 545 3266 deponite.
577 3208 625 3256 See
644 3208 693 3255 this
712 3208 779 3255 word
799 3210 866 3261 used
881 3213 948 3266 with
960 3209 999 3264 th

78 3268 186 3324 apposito
198 3267 478 3326 meurrirrg,41].-316.
493 3267 568 3316 Tusco
578 3268 652 3318 omni.
665 3266 707 3314 the
716 3266 802 3315 Tibur.
835 3268 905 3322 Thi·
915 3271 1000 3384 π

87 3325 151 3384 nibly
162 3325 235 3372 taken
252 3326 313 3374 srom
330 3341 397 3373 some
414 3325 454 3372 old
465 3325 552 3385 legend
563 3326 693 3433 reffliiffi
701 3324 911 3431 tgrpoeettlument

95 3381 182 3443 'rojans
194 3385 218 3429 in
230 3384 434 3433 Latium-317.
451 3384 560 3432 Sicanos.
