2078 3622
66 156 121 215 too
431 167 617 207 osoacrcos.
980 180 1020 255 ο

96 304 197 361 against
211 302 310 347 rerrnin
329 299 421 356 during
440 301 534 345 winter
552 297 760 345 recommended.
773 296 900 344 esa-250.
934 294 981 344 Dis

97 386 171 419 cases
183 372 213 416 os
222 373 290 417 bees.
303 370 355 416 aud
369 370 435 414 tlreir
449 370 584 425 rentedies,
597 368 723 416 251-250.
759 365 786 414 lt'
794 368 837 413 tlre
849 380 946 413 swarm
957 366 988 412 os

98 443 160 488 bees
173 442 219 486 lias
232 440 293 486 died
307 452 357 491 out,
370 454 385 483 a
395 439 498 483 mellei
512 440 541 485 rs
549 441 680 499 replacing
692 439 770 491 them,
781 438 845 483 from
858 436 902 482 the
913 436 990 497 putri·

98 512 152 560 ned
164 525 266 556 carease
278 510 309 555 os
322 524 338 554 a
350 509 439 553 lieit‘er.
452 509 599 554 nientirnel
613 524 641 555 as
654 508 784 554 universal
797 508 824 552 in
835 504 928 566 Egypt,
939 505 991 551 aud

100 582 153 626 first
167 578 294 639 praetised
308 579 342 637 by
353 578 492 623 Aristaeus.
504 580 629 624 ist-ent.
665 574 842 623 lnismernod
850 574 992 631 described,

103 649 229 696 aso-314.
264 644 322 693 Tlre
340 649 421 705 orim'n
439 648 470 692 or*
484 650 502 692 it
521 646 779 705 derailed,315-·‘·5S.
814 642 925 692 General
936 658 993 691 con·

100 721 198 766 clusion
210 730 236 764 to
247 718 290 763 the
304 715 433 774 Georgies,
445 716 570 763 stau-so.

137 854 285 907 Pnorrsrs
297 853 362 905 aerii
374 851 465 905 mellis
476 851 605 905 caelestia
616 851 687 904 dona

137 924 285 992 Exsequar.
322 922 397 974 Hanc
410 924 501 991 etiam,
515 922 671 989 Maecenas¹
684 921 776 990 aspice
786 926 899 991 partem.

137 992 304 1046 Admiranda
315 992 365 1044 tibi
377 990 481 1044 lerinm
495 990 650 1061 spectacula
662 1007 759 1059 rerum,

138 1063 328 1130 Magnanimo:
349 1078 382 1113 ue
395 1060 487 1129 duces,
502 1062 637 1130 totiusque
649 1059 742 1112 ordine
753 1059 843 1127 gentis

138 1132 238 1199 Mores,
253 1142 280 1183 et
293 1142 335 1183 stu
357 1131 362 1139 '
381 1171 389 1199 ,
403 1141 431 1182 et
443 1131 562 1209 populos,
575 1142 603 1182 et
615 1130 716 1200 proelia
727 1129 827 1181 dicam.
977 1129 993 1178 b

141 1202 171 1253 In
184 1202 257 1253 tenui
271 1201 361 1267 labor3
378 1210 406 1252 at
419 1214 507 1254 tenuis
518 1218 570 1253 non
582 1200 672 1269 gloria,
685 1200 709 1251 si
720 1215 805 1269 quem

139 1271 258 1324 Numina
271 1271 350 1323 laesa
362 1270 450 1322 sinunt
462 1269 591 1339 auditque
604 1277 716 1322 vocatus
727 1272 753 1322 A
787 1266 832 1321 llo.

175 1340 308 1411 Principio
322 1339 402 1391 sedes
413 1339 509 1410 apibus
521 1341 655 1409 statioque
667 1348 748 1409 peten
766 1354 792 1407 a,

140 1410 200 1469 Quo
212 1427 301 1479 neque
314 1410 348 1461 sit
360 1411 448 1462 sentis
460 1409 647 1462 aditus-nam
659 1408 759 1478 pabula
770 1405 844 1459 venti

141 1479 222 1532 Ferre
231 1480 341 1531 domum
354 1478 621 1548 prohibent-neque
629 1495 695 1530 ores
703 1476 838 1545 haedique
845 1473 947 1547 petulci
965 1477 995 1527 to

141 1549 265 1601 Floribus
278 1548 414 1616 insultent,
427 1558 473 1601 aut
486 1566 578 1601 errans
590 1546 690 1602 bucula
701 1562 798 1617 campo

141 1619 266 1671 Decutiat
279 1635 373 1683 rorem,
386 1630 414 1669 et
426 1619 561 1685 surgentis
571 1628 669 1670 atterat
680 1616 787 1670 herbas.

141 1688 239 1741 Absint
251 1698 278 1739 et
291 1688 353 1756 picti
367 1687 519 1755 squalentia
530 1698 605 1756 terga
617 1686 710 1740 lacerti

142 1757 290 1825 Pinguibus
301 1775 318 1807 a
331 1756 452 1825 stabulis,
466 1774 651 1826 meropesque,
663 1756 789 1825 aliaeque
800 1752 932 1824 volucres,

142 1827 177 1880 Et
190 1827 315 1879 manibus
328 1827 428 1878 Procne
442 1836 536 1894 pectus
549 1827 652 1895 signata
665 1827 798 1892 omentis5
965 1823 996 1875 to

141 1897 237 1949 Omnia
250 1913 314 1948 narn
325 1895 379 1947 late
392 1906 505 1965 vastant,
519 1897 555 1965 ip.
610 1913 645 1948 ue
657 1893 771 1946 volantis

141 1966 192 2018 Ore
205 1966 293 2018 ferunt
306 1965 415 2017 dulcem
427 1966 498 2017 nidis
511 1913 648 2018 inuiidi‘bus
659 1980 761 2016 escam.

142 2037 178 2088 At
191 2034 282 2104 liquidi
296 2035 384 2087 sontes
395 2044 422 2086 et
434 2044 530 2103 stagna
542 2036 654 2087 virentia
666 2049 759 2087 museo

141 2104 247 2173 Adsint,
261 2115 288 2157 et
301 2105 389 2156 tennis
401 2104 508 2173 lugiens
520 2122 568 2174 per
578 2104 701 2172 gramina
713 2103 793 2171 rivus,

142 2174 291 2243 Palmaque
303 2174 466 2226 vestibulum
478 2184 523 2226 aut
536 2175 631 2241 ingens
642 2173 758 2225 oleaster
769 2170 913 2241 inumbret,
963 2172 996 2222 ’,θ

141 2243 186 2310 Ut,
199 2261 261 2296 cum
276 2244 362 2311 prima
374 2244 435 2295 nori
449 2243 549 2295 ducent
561 2244 686 2296 examina
699 2258 777 2310 reges

141 2312 212 2364 Vere
225 2329 281 2380 suo,
295 2311 424 2380 ludetque
438 2313 506 2364 lavis
517 2313 617 2365 emissa
628 2312 761 2381 juventus,

141 2381 238 2433 Vicina
250 2381 345 2433 invitet
358 2381 492 2434 decedere
507 2383 563 2452 ripa
575 2382 664 2451 calori,

143 2450 281 2520 Obviaque
295 2450 417 2520 hospitiis
428 2461 519 2504 teneat
532 2450 717 2505 frondentibus
727 2450 815 2505 arbos.

142 2520 172 2572 In
185 2521 314 2590 medinm,
329 2538 377 2572 seu
390 2520 472 2573 stabit
484 2521 563 2590 iners,
577 2538 625 2574 seu
638 2521 752 2591 profluet
763 2521 867 2589 humor,
963 2519 996 2569 2⁵

142 2589 320 2642 Transversas
332 2589 429 2641 salices
441 2600 469 2642 et
481 2591 593 2658 grandia
605 2591 707 2659 conjice
720 2606 792 2658 saxa,

143 2659 271 2712 Pontibus
283 2667 311 2711 ut
324 2658 425 2711 crebris
437 2661 537 2730 possint
550 2661 704 2729 consistere,
717 2669 745 2712 et
755 2660 813 2712 alas

141 2729 263 2782 Pandere
276 2729 310 2781 ad
323 2729 458 2782 aestivum
471 2729 564 2797 solem,
578 2730 601 2783 si
614 2729 681 2782 sorte
693 2730 823 2783 morantis

142 2798 160 2851 S
178 2799 270 2852 arserit
282 2809 328 2852 aut
341 2816 471 2868 praeceps
483 2801 608 2869 Neptuno
621 2799 782 2852 immerserit
795 2799 893 2852 Eurus.

168 2885 217 2921 aec
229 2869 330 2921 circum
343 2868 433 2921 casiae
446 2868 545 2921 virides
557 2879 584 2921 et
596 2869 694 2921 olentia
706 2868 760 2921 late
964 2867 997 2917 30

142 2935 263 3007 Serpylla
275 2947 301 2989 et
314 2939 430 3006 graviter
442 2939 566 3007 spirantis
578 2955 610 2990 co
629 2940 655 2991 ia
667 2938 696 2991 th
717 2936 809 2991 mbrae

142 3004 256 3073 Floreat,
271 3006 454 3075 irriguumque
468 3005 559 3059 bibant
573 2956 681 3060 viodaria
693 2956 804 3061 drntem.

178 3074 239 3142 Ipsa
250 3083 350 3142 autern,
364 3092 411 3127 sen
424 3075 567 3128 corticibus
579 3077 628 3130 tibi
641 3087 701 3130 suta
712 3077 822 3145 caratis,

73 3158 155 3254 Ἦ.
165 3185 229 3254 ΙΤὴε
241 3200 296 3232 care
307 3184 335 3231 os
347 3187 406 3231 bees
418 3185 493 3233 forms
505 3186 546 3234 the
558 3189 654 3256 subject
670 3187 699 3235 ol
712 3188 761 3234 this
772 3186 847 3243 book,
861 3185 945 3235 which
955 3184 987 3235 bo

74 3260 128 3305 grus
139 3245 200 3314 wrtlr
211 3261 241 3292 an
252 3244 351 3311 addross
363 3256 388 3291 to
399 3243 539 3300 Maecenas,
550 3257 643 3307 statmg
653 3247 695 3294 the
707 3255 842 3305 argument.
850 3246 958 3293 -8-24.
973 3242 999 3293 A

73 3302 999 3471 prqzqttttlttt{intentantem-ansattributa·

99 3437 116 3484 g
156 3438 169 3471 o
198 3437 258 3471 tros.
