2086 3622
439 181 532 222 LIBER
552 181 594 222 11.

133 310 203 366 Nota
215 309 296 362 nimis
308 309 420 379 miseris,
432 317 543 379 atroque
555 308 666 362 fluentia
677 309 749 361 tabo.

168 380 274 432 Interea
285 379 411 447 navidem
423 378 537 431 volitans
548 385 665 448 pennata
676 395 724 447 per
735 378 831 431 urbem

133 449 236 501 Nuntia
248 447 333 499 Fama
346 448 403 516 ruit,
418 449 563 514 matrisque
576 448 701 499 allabitur
712 449 784 499 auris

135 517 253 585 Euryali.
289 520 325 569 At
338 516 442 569 subitus
453 518 567 568 miserae
580 517 651 568 calor
662 533 723 568 ossa
736 515 857 585 reliquit,
934 516 986 568 ⁴75

136 587 249 639 Excussi
262 587 385 639 manibus
398 586 470 652 radii,
485 585 655 654 revolutaque
668 602 760 654 pensa.

137 655 231 708 Evolat
243 654 343 724 infelix,
357 663 383 706 et
396 654 513 706 femineo
526 655 636 722 ululatu,

136 724 223 776 Scissa
235 741 350 791 cornarn,
364 739 455 775 muros
466 740 561 775 amens
573 731 653 791 atque
666 724 773 790 agmina
785 738 865 776 cursu

137 793 226 844 Prima
238 792 312 861 petit,
325 809 378 844 non
390 791 435 843 illa
448 792 542 861 virum,
556 808 607 843 non
621 792 667 842 illa
679 793 770 859 pericli

136 860 315 928 Telorumque
323 876 439 927 mernor,
452 861 558 913 coelum
567 860 665 912 dehinc
674 861 812 928 questibus
820 859 926 930 implet:
935 862 986 912 480

141 930 232 982 ‘Hunc
244 946 293 997 ego
306 936 340 998 te,
354 929 479 998 Euryale,
492 929 612 998 aspiciet
631 939 694 981 tune
706 928 751 981 ille
764 938 889 983 senectae

139 998 203 1050 Sera
215 1015 293 1050 meae
306 1000 418 1067 requies,
432 999 538 1066 potuisti
550 998 670 1068 linquere
684 999 777 1069 solam,

140 1068 280 1120 Crudelisl
297 1085 348 1120 nec
360 1077 394 1136 te,
408 1067 459 1120 sub
470 1076 543 1120 tanta
554 1068 672 1137 pericula
684 1068 805 1138 missurn,

138 1135 222 1188 Affari
235 1144 386 1189 extremum
398 1138 513 1188 miserae
526 1137 588 1188 data
600 1137 675 1206 copia
687 1137 785 1189 matril

138 1205 206 1272 Heu,
220 1213 289 1256 terra
300 1206 388 1272 ignota
400 1205 511 1257 canibus
522 1207 584 1257 date
596 1205 696 1275 praeda
709 1205 808 1257 Latinis
936 1205 987 1256 485

138 1274 306 1342 Alitibusque
317 1273 406 1342 jaces!
426 1290 477 1325 nec
490 1281 516 1326 te
529 1282 575 1326 tua
586 1274 681 1327 funere
693 1281 779 1326 mater

138 1342 261 1411 Produxi,
274 1344 393 1412 pressive
405 1341 503 1411 oculos,
515 1351 562 1394 aut
574 1344 684 1395 vulnera
696 1342 758 1410 lavi,

138 1411 221 1463 Veste
234 1420 335 1481 tegens,
349 1411 397 1464 tibi
408 1427 491 1480 quarn
502 1420 595 1464 noctes
606 1411 704 1463 festina
716 1410 827 1480 diesque

139 1478 293 1548 Urguebam
305 1489 332 1533 et
345 1480 398 1533 tela
410 1497 488 1532 curas
500 1480 604 1534 solabar
615 1481 699 1533 anilis.

139 1548 197 1607 Quo
209 1551 323 1618 sequarl
341 1558 387 1603 aut
399 1565 468 1618 quae
480 1567 551 1603 nunc
562 1560 635 1603 artus
645 1549 737 1603 avolsa
756 1567 790 1602 ue
803 1551 926 1604 membra
936 1551 988 1602 490

139 1620 174 1672 Et
186 1619 267 1672 funus
278 1618 397 1672 lacerum
409 1617 489 1672 tellus
501 1618 602 1673 hubert
637 1620 693 1672 Hoc
706 1567 772 1672 mibi
783 1619 818 1672 de
831 1627 857 1673 te

139 1688 217 1758 Nate,
231 1688 332 1742 refersl
350 1688 401 1741 hoc
413 1705 474 1742 sum
487 1697 610 1758 terraque
622 1689 742 1758 marique
755 1658 867 1743 secutal

139 1754 226 1824 Figite
239 1774 290 1827 me,
305 1758 327 1810 si
337 1774 390 1827 qua
402 1765 443 1810 est
455 1758 549 1827 pietas,
563 1759 589 1810 in
601 1775 647 1811 me
659 1759 749 1811 omnia
760 1758 815 1810 tela

139 1825 276 1895 Conjicite,
290 1841 306 1877 o
317 1827 414 1895 Rutuli,
427 1843 472 1878 me
484 1828 599 1895 primam
610 1827 744 1879 absumite
756 1828 825 1879 ferro
832 1842 840 1896 3

139 1894 194 1946 Aut
208 1903 242 1962 tu,
256 1911 353 1962 magne
365 1903 441 1964 pater
452 1894 552 1964 divom,
565 1896 700 1962 miserere,
715 1904 814 1964 tuoque
935 1897 988 1949 495

139 1962 260 2015 Invisum
271 1963 322 2015 hoc
334 1962 446 2015 detrude
459 1972 538 2032 caput
551 1963 602 2016 sub
613 1965 724 2016 Tartara
736 1964 796 2033 telo,

138 2031 252 2089 Quando
264 2032 341 2084 aliter
354 2047 458 2100 nequeo
469 2031 607 2085 crudelem
620 2033 779 2101 abrumpere
791 2032 893 2086 vitam!

139 2100 197 2152 Hoc
209 2101 274 2153 fletu
286 2102 407 2153 concussi
419 2101 509 2170 animi,
522 2111 694 2170 moestusque
707 2102 853 2170 peremnis

139 2168 164 2220 lt
175 2170 307 2238 gemitus,
326 2177 429 2240 torpent
442 2170 569 2222 infractae
581 2171 614 2222 ad
627 2170 729 2239 proelia
742 2170 820 2223 vires.
871 2197 884 2213 ·

140 2238 218 2305 Illam
231 2239 420 2292 incendentem
432 2239 522 2292 luctus
533 2240 631 2292 Idaeus
642 2247 670 2292 et
682 2242 763 2292 Actor
937 2241 989 2291 500

139 2306 234 2360 Ilionei
245 2308 348 2361 monitu
361 2316 388 2360 et
399 2308 515 2361 multum
527 2307 692 2362 lacrimantis
702 2308 753 2361 Iuli

141 2376 295 2446 Corripiunt,
309 2377 430 2446 interque
442 2395 539 2430 rnanus
551 2378 602 2430 sub
615 2386 686 2431 tecta
697 2384 836 2447 reponunt.

174 2448 211 2499 At
223 2446 288 2500 tuba
300 2447 444 2501 terribilem
456 2447 571 2500 sonitum
582 2446 674 2516 procul
687 2463 749 2500 aere
762 2462 857 2500 canoro

140 2515 216 2568 lncre
235 2516 274 2569 uit
282 2533 290 2585 5
309 2518 429 2586 sequitur
440 2517 547 2584 clamor,
561 2517 667 2569 coelum
686 2533 721 2569 ne
734 2516 859 2585 remugit.

140 2533 370 2639 Accelbrantacta
381 2586 478 2656 pariter
491 2586 623 2639 testudine
635 2533 740 2654 lesci3
937 2585 989 2636 506

140 2653 175 2705 Et
187 2653 273 2706 fossas
284 2655 395 2723 implere
408 2663 500 2723 parant
511 2671 544 2707 ae
556 2655 657 2707 vellere
669 2654 779 2711 vallum.

140 2722 276 2780 Quaerunt
288 2739 350 2791 pars
361 2723 471 2792 aditum,
484 2732 511 2775 et
524 2723 605 2775 scalis
616 2722 762 2776 ascendere
774 2737 872 2792 muros,

140 2789 199 2848 Qua
212 2807 270 2842 rara
282 2802 324 2843 est
335 2793 409 2844 acies
420 2792 614 2860 interlucetque
627 2807 724 2844 corona

139 2859 200 2912 Non
213 2868 267 2912 tarn
281 2860 365 2928 spissa
376 2860 447 2913 viris.
483 2860 611 2912 Telorum
624 2859 763 2913 effundere
775 2865 868 2912 contra
1019 2918 1024 2929 ,

139 2930 224 2981 Omne
236 2945 323 2996 genus
334 2930 430 2981 Teucri
442 2946 476 2982 ac
488 2928 561 2981 duris
572 2928 713 2981 detrudere
726 2928 818 2997 contis,
938 2930 990 2982 510

98 3052 153 3100 477.
185 3049 304 3105 femineo,
327 3056 352 3097 -ῦ
372 3051 484 3098 unelided
505 3050 587 3097 before
608 3050 810 3098 ululata-480.
836 3048 935 3107 Deliae,
958 3063 990 3098 att

69 3108 262 3157 obelon-485.
278 3109 341 3157 Date
353 3110 423 3158 Nise.
450 3109 541 3158 Others
552 3109 609 3157 read
619 3112 684 3164 duta,
698 3108 812 3169 agreeing
822 3107 882 3156 with
889 3109 988 3169 pracda.

69 3167 120 3216 For
129 3168 171 3215 the
187 3167 260 3216 dread
275 3169 426 3217 entertained
442 3169 470 3216 of
486 3168 536 3216 this
552 3167 670 3216 tombless
686 3168 743 3224 fate,
761 3183 802 3215 see
817 3176 842 3214 et
857 3182 881 3214 v.
898 3169 985 3215 871.-

69 3229 123 3274 480.
139 3226 242 3284 Funere,
255 3228 315 3275 with
331 3229 378 3276 due
394 3228 502 3276 funereal
518 3227 584 3275 rites.
617 3228 708 3276 Others
724 3226 782 3275 read
790 3226 989 3287 funera-496.

72 3285 185 3335 stream.
217 3286 264 3334 See
281 3297 305 3334 at
321 3303 344 3334 v.
356 3291 506 3336 raa-499.
524 3286 651 3347 lnsruetee.
683 3287 730 3334 See
747 3296 771 3332 nt
787 3285 827 3332 vii.
839 3284 989 3333 san-505.

73 3343 210 3394 Termine.
241 3346 288 3392 See
307 3356 331 3393 ut
351 3347 374 3394 ii.
391 3349 443 3394 441.
480 3346 567 3394 Volsci.
601 3346 648 3394 See
664 3345 704 3393 vti.
721 3345 868 3391 noa-508.
888 3341 989 3394 corona.

70 3401 192 3515 Compar3e
203 3407 256 3501 330,
269 3420 292 3453 x.
307 3408 357 3463 122,
370 3406 417 3455 and
430 3406 503 3463 Ovid,
516 3404 577 3455 Met.
590 3405 639 3454 xiii.
653 3408 675 3461 1,
686 3403 754 3464 vulgi
764 3411 845 3452 stante
855 3415 951 3453 corona.

186 3470 203 3515 0
513 3470 555 3518 Qu
