2078 3622
446 159 606 199 asnatooe.

132 292 192 345 Nec
204 306 256 343 non
268 288 411 343 Euanthen
424 286 578 355 Phrygium,
592 286 747 357 Paridisque
759 287 895 341 Mimanta

133 360 285 429 Aequalem
297 358 487 424 comitemque,
501 372 554 408 una
565 373 648 425 quem
661 371 737 410 nocte
748 358 861 411 Theano

133 431 164 483 In
176 430 267 481 lucem
278 425 392 495 genitori
404 428 509 493 Amyco
521 425 601 493 dedit,
615 435 642 478 et
654 426 715 479 face
726 444 878 496 praegnans

133 500 234 552 Cisseis
246 499 336 565 regina
348 496 453 562 Parim,
472 494 546 546 Paris
558 495 623 548 urbe
636 506 747 564 paterna
932 500 982 550 '100

132 568 261 635 Occubat,
274 568 396 631 ignorum
408 566 526 617 Laurens
538 563 619 616 habet
632 581 677 616 ora
689 566 831 619 Mimanta.

132 641 174 690 Ac
186 636 259 689 velut
272 635 316 687 illo
329 651 428 686 canum
440 649 529 685 morsu
541 633 576 685 de
588 634 724 687 montibus
735 634 798 687 altis

132 709 218 759 Actus
229 722 301 773 aper,
314 702 412 756 multos
424 702 540 755 Vesulus
552 719 634 771 quom
646 703 741 771 pinifer
752 720 836 757 annos

132 774 266 841 Defendit,
279 773 431 841 multosque
444 773 521 841 palns
534 772 684 842 Laurentia,
698 772 766 826 silva

131 843 228 896 Pastne
239 842 393 909 arundinea,
407 851 549 910 postquam
564 841 632 894 inter
644 842 710 894 retia
722 850 833 895 ventum
844 849 895 913 est,
932 846 984 895 710

133 911 262 979 Substitit,
276 911 467 980 infremuitque
479 911 554 963 ferox
565 921 593 962 et
606 910 732 964 inhorruit
744 927 833 964 armos
840 928 849 980 5

132 982 191 1034 Nec
203 981 329 1049 cuiquam
342 981 419 1033 irasci
431 980 572 1048 propiusve
584 981 715 1033 accedere
727 981 819 1050 virtus,

132 1050 184 1103 Sed
196 1050 292 1119 jaculis
306 1050 421 1117 tutisque
433 1049 524 1117 procul
536 1049 698 1103 clamoribus
710 1050 807 1103 instant
811 1066 823 1130 ,·

131 1120 179 1173 llle
191 1128 283 1172 autem
296 1118 449 1187 impavidus
460 1119 542 1187 partis
553 1128 695 1171 cunctatur
706 1120 733 1171 in
745 1136 841 1189 omnis,

132 1189 264 1242 Dentibus
275 1187 436 1255 infrendens,
450 1196 477 1239 et
489 1196 562 1255 tergo
574 1187 677 1240 decutit
689 1186 795 1241 hastas:
931 1191 984 1241 715

131 1257 209 1311 Hand
222 1258 306 1326 aliter,
319 1257 406 1327 justae
418 1255 517 1325 quibus
528 1265 569 1309 est
580 1257 735 1310 Mezentius
746 1258 810 1327 irae,

132 1327 193 1379 Non
207 1328 254 1379 nlli
266 1337 306 1380 est
319 1327 425 1378 animus
437 1327 527 1378 stricto
540 1342 696 1378 concurrere
708 1325 776 1379 ferro
783 1342 791 1395 3

132 1396 282 1449 Missilibus
295 1398 371 1463 longe
385 1404 412 1448 et
424 1403 498 1447 rosto
511 1395 627 1448 clamore
639 1395 782 1449 lacessunt.

132 1465 249 1517 Venerat
260 1468 378 1534 antiquis
389 1464 498 1534 Corythi
510 1465 545 1517 de
557 1465 657 1518 finibus
669 1468 764 1534 Acron,

132 1535 228 1587 Graius
240 1534 327 1601 homo,
338 1533 451 1585 infectos
462 1533 586 1602 linquens
617 1533 725 1602 rofugus
736 1535 902 1604 hymenaeos
908 1550 919 1604 3
930 1538 983 1587 720

132 1603 210 1655 Hunc
223 1603 268 1656 ubi
280 1604 440 1656 miscentem
452 1602 530 1670 longe
542 1620 587 1655 me
608 1604 633 1654 ia
644 1604 753 1670 agmina
766 1603 842 1674 vidit,

132 1671 301 1741 Purpureum
332 1671 408 1723 ennie
419 1680 447 1723 et
494 1680 555 1723 ctae
566 1671 689 1740 conjugis
699 1682 784 1725 ostro:
871 1676 876 1709 ¹

132 1741 266 1808 Impastus
277 1690 383 1793 stabula
394 1739 449 1792 alta
472 1756 504 1791 eo
516 1757 567 1793 ceu
579 1758 661 1810 saepe
709 1759 825 1813 ragrana,

132 1809 231 1862 Suadet
244 1810 316 1863 enim
329 1825 429 1862 vesana
440 1808 536 1879 fames,
550 1810 573 1862 si
586 1810 653 1863 forte
677 1828 791 1879 ngaoem

132 1880 202 1931 Cous
221 1880 274 1935 exit
287 1896 420 1948 capream,
430 1888 476 1932 aut
485 1890 641 1948 surgentem
648 1880 675 1933 in
685 1898 784 1934 cornua
791 1896 911 1952 cervum,
931 1882 983 1932 'tart

132 1949 191 2000 Gau
211 1956 245 2018 et,
260 1948 336 2002 hians
348 1949 475 2017 immane,
487 1965 633 2019 corumque
643 1950 750 2019 arrexit,
763 1959 791 2002 et
802 1950 896 2005 haeret

132 2017 286 2139 gisceribus
299 2036 378 2088 super
390 2018 549 2071 incumbens
556 2036 564 2089 5
583 2018 647 2072 lavit
659 2019 781 2089 improba
793 2026 862 2073 teter

156 2104 183 2139 ra
195 2103 285 2139 cruor:

133 2155 176 2207 Sic
188 2156 239 2208 ruit
252 2157 280 2208 in
292 2155 390 2207 densos
401 2156 490 2208 alacer
501 2156 656 2211 Mezentius
668 2156 762 2210 bostis.

133 2223 261 2278 Sternitur
273 2224 367 2278 infelix
378 2230 473 2292 Acron,
486 2233 514 2277 et
526 2226 646 2279 calcibus
658 2234 746 2279 atram
932 2231 982 2280 730

132 2293 231 2345 Tuudit
244 2293 358 2346 humum
371 2294 515 2361 exspirans,
530 2294 696 2363 infractaque
708 2296 762 2347 tela
773 2303 904 2351 cruentat.

132 2364 221 2429 Atque
233 2362 307 2415 idem
318 2363 468 2430 fugientem
479 2361 551 2415 hand
564 2372 607 2415 est
618 2364 745 2431 dignatus
756 2364 861 2419 Oroden

132 2429 263 2498 Sternere,
276 2448 328 2482 nec
339 2430 410 2498 jacta
422 2447 535 2483 caecum
546 2431 611 2483 dare
623 2432 735 2509 cuspide
746 2432 845 2486 vulnus
851 2451 860 2503 3

129 2498 229 2550 Obvius
240 2498 407 2566 adversoque
419 2501 540 2567 occurrit,
553 2516 566 2551 e
602 2515 637 2552 ne
651 2516 704 2552 viro
716 2500 757 2553 vir

132 2568 256 2636 Contulit,
270 2566 340 2620 haud
354 2566 424 2619 furto
436 2566 538 2635 melior,
551 2585 581 2620 ee
611 2567 725 2623 fortibus
734 2568 824 2637 annis,
931 2576 982 2627 735

132 2637 201 2689 Tnm
215 2653 295 2706 super
306 2636 444 2705 abjectum
456 2637 542 2704 posito
554 2637 625 2706 pede
637 2637 714 2690 nixus
725 2646 753 2691 et
767 2638 858 2693 basta:

133 2707 215 2759 ‘Pars
227 2707 290 2760 belli
302 2705 374 2759 haud
388 2705 541 2775 temnenda,
555 2707 610 2776 viri,
623 2705 694 2776 jacet
706 2708 777 2761 altus
787 2710 908 2765 Orodes!

132 2776 307 2829 Conclamant
319 2776 384 2829 socii
397 2776 497 2828 laetum
510 2793 613 2844 paeana
625 2778 719 2831 secuti.

133 2844 181 2897 Ille
194 2854 288 2898 antem
300 2846 452 2915 exspirans:
474 2847 549 2898 ‘Non
560 2862 614 2915 me,
627 2846 791 2917 quicumque
802 2864 841 2918 es,
853 2848 945 2921 inulto,

92 2974 146 3021 705.
166 2972 265 3021 Cisseis.
298 2976 345 3021 See
357 2985 379 3021 at
392 2974 433 3022 vii.
445 2979 594 3024 320-707.
611 2974 665 3031 Ille,
678 2976 806 3037 preparing
815 2976 857 3025 the
868 2977 936 3027 mind
945 2978 982 3027 lot

60 3031 529 3149 retent:stannestt
541 3034 981 3145 {lrdtlrsslltttlrttttd

61 3098 102 3196 ltro
113 3149 174 3197 such
186 3127 257 3196 boars
269 3151 327 3196 both
340 3151 364 3196 in
376 3152 449 3198 Mons
463 3152 571 3199 Vesulus
582 3110 664 3200 andqin
675 3110 717 3200 tlle
728 3152 827 3223 mnrshy
835 3152 889 3203 fens
904 3154 981 3205 round

61 3206 981 3336 blitildisillidat“llllttltalbdtltttlttrltt'urll:

61 3324 145 3373 bour's
162 3327 367 3376 brienus-719.
387 3326 492 3388 Corythi,
508 3327 556 3375 dac.
589 3328 692 3377 Etruria.
725 3328 772 3377 See
789 3334 878 3389 atp.1
912 3330 981 3389 ‚tine

61 3384 84 3431 f.
92 3389 181 3433 -720,
198 3386 324 3448 Profugus
336 3388 368 3446 by
380 3386 420 3435 the
432 3387 539 3435 arsis-
547 3390 600 3436 726.
617 3386 727 3437 Immune.
759 3388 981 3441 Sosistratus.
