2078 3622
401 168 493 207 arnan
514 169 542 208 v.
868 156 930 214 248

78 297 134 349 Aut
147 304 272 347 montana
284 293 360 347 sedet
373 296 473 347 circum
486 294 597 347 castella
609 294 659 348 sub
670 298 759 367 armis,
875 305 928 355 440

79 365 158 417 Nunc
170 364 225 433 hoe,
240 381 310 416 nuno
322 363 380 415 illos
391 364 485 431 aditus,
499 381 661 433 omnemque
674 375 789 436 pererrat

79 435 143 485 Arte
157 433 253 501 locum,
267 441 293 486 et
306 433 384 484 variis
395 433 545 485 adsultibus
557 434 645 486 irritus
656 444 759 502 urguet.

77 502 199 553 Ostendit
212 503 333 554 dextram
346 503 486 569 insurgens
498 501 620 554 Entellus
632 512 659 555 et
670 505 724 556 alte

79 571 195 622 Extulit:
215 571 260 622 ille
273 572 355 623 ictum
368 571 521 622 venientem
534 588 550 622 a
562 572 662 623 vertice
674 573 754 626 velox

78 637 220 707 Praevidit,
235 641 369 707 celerique
383 640 489 706 elapsus
501 656 608 708 corpore
621 642 716 710 cessit,
873 647 925 697 445

78 706 200 759 Entellus
213 709 282 758 vires
294 709 319 759 in
332 718 441 759 ventum
453 708 556 771 effudit,
570 718 596 761 et
608 709 675 761 ultro

78 775 138 843 lpse
150 776 239 842 gravis
250 777 416 844 graviterque
428 776 461 828 ad
475 786 572 829 terram
602 777 700 831 ondere
711 788 786 833 vasto

78 845 215 896 Concidit:
234 854 263 896 ut
275 845 408 913 quondam
421 862 488 897 cava
499 794 615 898 concidit
626 856 673 899 aut
684 849 857 918 Erymantho,

77 914 132 964 Aut
145 913 192 965 lda
204 913 230 964 in
243 930 348 982 magna,
362 913 496 966 radicibus
508 924 583 966 eruta
593 915 680 983 pinus.

78 982 242 1049 Consurgunt
255 983 349 1035 studiis
360 983 457 1035 Teucri
470 992 496 1035 et
508 984 645 1036 Trinacria
656 984 758 1054 pubes,
874 990 925 1039 450

77 1051 101 1102 lt
114 1051 213 1102 clamor
225 1052 306 1121 coelo,
319 1052 473 1120 primusque
486 1053 599 1104 accurrit
611 1055 733 1121 Acestes,

76 1120 308 1189 Aequaevumque
320 1122 354 1174 ab
367 1120 449 1173 humo
461 1123 592 1174 miserans
603 1122 698 1176 attollit
709 1123 836 1176 amicum.

77 1190 113 1240 At
125 1204 176 1241 non
189 1188 306 1242 tardatus
318 1207 381 1242 casu
394 1206 482 1258 neque
493 1191 600 1242 territus
611 1189 689 1243 heros

77 1257 169 1308 Acrior
180 1257 215 1309 ad
227 1275 344 1326 pugnam
357 1258 431 1327 redit,
444 1275 477 1310 ao
489 1259 545 1311 vim
557 1259 666 1311 suscitat
678 1259 724 1312 ira.

77 1326 149 1378 'l'urn
161 1326 244 1395 pudor
256 1328 373 1380 incendit
386 1327 456 1379 vires
467 1336 494 1379 et
506 1328 612 1379 conscia
624 1327 715 1396 virtus,
873 1333 924 1383 455

77 1394 169 1446 Praeci
192 1396 309 1464 itemque
321 1397 409 1449 Daren
420 1396 517 1448 ardens
528 1398 584 1464 agit
595 1413 710 1464 aequore
723 1405 785 1467 toto,

76 1463 103 1516 N
105 1480 156 1515 unc
167 1412 260 1516 dextra
272 1466 439 1533 ingeminans
452 1466 527 1534 ictus,
541 1481 612 1517 nunc
625 1465 670 1518 ille
683 1466 802 1535 sinistra3

76 1533 135 1584 Neo
147 1548 227 1600 mora,
241 1549 292 1585 neo
303 1534 422 1603 requies:
441 1551 524 1603 quarn
535 1534 620 1587 multa
630 1535 758 1602 grandine
769 1535 856 1590 nimbi

77 1601 244 1654 Culminibus
255 1603 392 1672 crepitant,
405 1603 443 1655 sic
455 1603 545 1656 densis
557 1603 655 1655 ictibus
666 1603 745 1656 heros

77 1670 175 1722 Creber
187 1677 299 1739 utraque
310 1688 392 1723 manu
404 1671 493 1741 pulsat
504 1681 647 1740 versatque
659 1673 767 1726 Dareta.
872 1678 924 1728 460
956 1695 965 1711 ·

76 1739 146 1791 Turn
159 1747 234 1807 pater
245 1742 354 1792 Aeneas
366 1740 509 1808 procedere
521 1741 624 1808 longius
635 1741 688 1793 iras

76 1807 111 1860 Et
123 1807 227 1860 saevire
238 1808 335 1861 animis
347 1808 482 1862 Entellum
495 1809 567 1862 baud
580 1826 676 1878 passus
687 1810 808 1881 acerbis,

76 1875 127 1928 Sed
140 1876 223 1928 linem
235 1876 361 1944 imposuit
374 1892 488 1946 pugnae,
501 1877 658 1947 fessumque
670 1879 768 1932 Dareta

63 1945 188 2013 ¹Eripuit,
203 1945 327 1997 mulcens
338 1943 425 2012 dictis,
438 1945 547 1997 actalia
559 1945 644 1998 satur:

77 2013 196 2080 ‘Inselirq
209 2029 280 2080 quae
291 2020 364 2065 tanta
375 2014 496 2065 animum
508 2012 646 2065 dementia
657 2015 750 2083 oepitt
872 2021 923 2070 toa

74 2083 135 2134 Non
148 2081 219 2132 vires
230 2079 297 2132 alias
308 2094 491 2150 conversaque
502 2082 612 2134 numina
623 2083 727 2135 sentis?

75 2150 148 2203 Cede
161 2149 230 2201 deo.'
267 2148 393 2217 Dixitque
404 2157 432 2202 et
443 2150 544 2219 proelia
555 2166 621 2202 voce
633 2151 749 2204 diremit.

74 2221 125 2271 Ast
137 2218 214 2271 illum
225 2216 273 2271 fidi
285 2217 420 2287 aequales,
432 2234 520 2287 genua
531 2235 612 2286 aegra
624 2220 783 2290 trahentem,

73 2290 278 2356 Jaotantemque
290 2295 401 2355 utroque
413 2296 500 2358 caput,
513 2304 687 2358 crassumque
699 2306 819 2343 cruorem

74 2358 126 2410 Ore
138 2356 299 2427 ejectsntem
311 2355 461 2425 mixtosque
473 2357 500 2410 in
512 2357 641 2425 sanguine
654 2357 759 2428 dentes,
872 2363 924 2413 tto

74 2426 181 2478 Ducunt
193 2426 228 2479 ad
240 2425 331 2494 navis3
348 2425 456 2494 galeam
475 2442 509 2479 ue
521 2442 669 2496 ensemque
681 2426 769 2481 vocati

73 2494 217 2564 Accipiunt
224 2510 232 2563 3
249 2495 370 2564 palmam
382 2442 489 2547 Entello
501 2502 659 2565 taurumque
671 2496 833 2566 relinquunt.

73 2562 124 2615 Hic
135 2564 227 2634 victor,
240 2580 368 2633 superans
379 2563 478 2617 animis
489 2571 618 2633 tauroque
630 2564 774 2633 superbus:

75 2632 161 2684 ‘Nate
174 2632 233 2703 dea,
246 2648 347 2701 vosque
359 2631 445 2701 haec‚’
458 2632 550 2701 inquit,
565 2634 739 2701 ‘cognoscite
752 2634 857 2702 Teucri,

9 2706 87 2783 ’dl-b.
107 2734 193 2792 Cessit,
208 2740 215 2762 ⁴
222 2736 310 2784 moved
319 2736 381 2783 from
392 2735 434 2782 the
445 2736 614 2793 spot.'·-446.
635 2734 713 2791 Ultro,
724 2751 751 2782 as
759 2735 801 2783 the
812 2738 889 2785 result
898 2736 928 2787 oi

9 2798 43 2843 irs
54 2808 110 2841 own
128 2796 371 2842 nommant-tls.
388 2793 544 2854 Erymantho,
565 2808 581 2839 a
597 2792 724 2840 mountain
740 2793 765 2839 in
781 2794 823 2840 the
840 2795 923 2844 north·

9 2861 66 2901 nest
77 2851 106 2900 ol
119 2852 327 2901 Arcadia-449.
344 2852 396 2900 Ida.
434 2851 481 2898 See
492 2850 516 2897 ii.
529 2853 676 2899 ost-457.
691 2850 745 2898 ille.
776 2851 824 2899 See
835 2862 860 2899 at
870 2855 924 2903 334.

9 2914 94 2959 -458,
118 2910 238 2971 Compare
249 2912 298 2959 this
309 2925 412 2970 passage
423 2911 483 2956 with
495 2909 587 2957 Scott's
598 2908 669 2970 lady
678 2911 708 2970 of
713 2912 751 2957 rto
760 2908 827 2958 Lake
835 2928 844 2959 .-
852 2939 885 2953 .-

189 2982 368 3023 ·Andshowered
379 2980 414 3020 his
426 2982 494 3020 blows
506 2981 551 3020 like
563 2980 645 3028 wintry
658 2981 719 3027 rnin;

202 3032 257 3090 And¹
265 3042 290 3071 as
303 3031 350 3070 firm
363 3031 420 3088 rock.
433 3039 457 3069 or
469 3031 536 3070 castis
549 3030 602 3087 roos,

201 3081 296 3131 Agarnst
308 3081 345 3120 tho
358 3083 438 3118 winter
450 3079 535 3118 showor
547 3089 567 3119 rs
579 3079 653 3128 proot:
661 3079 700 3120 &c

9 3148 91 3194 ..460.
111 3144 203 3193 Creber.
235 3144 281 3192 See
293 3152 317 3191 at
328 3142 352 3190 ii.
364 3143 515 3209 627.-465.
538 3141 607 3209 Vires
623 3144 686 3191 otios
702 3159 784 3194 seems
799 3154 825 3194 to
840 3159 922 3201 mean,

9 3204 60 3255 'his
74 3203 188 3285 strengtlr
206 3202 318 3251 different
335 3201 398 3248 from
413 3200 479 3270 what
495 3209 514 3248 rt
525 3215 577 3248 was
592 3216 618 3268 rn
632 3201 674 3249 the
692 3204 759 3262 early
768 3202 867 3271 partos
878 3201 922 3271 tha

9 3259 922 3385 multltnutuutuustul‘tdltl‘ltlnld,tlt

9 3383 93 3433 -471,
112 3380 261 3440 &oleamque
275 3378 324 3427 doc.
352 3377 400 3426 See
411 3380 562 3426 ssu-472.
579 3376 627 3426 See
637 3379 687 3425 111.
