2086 3622
389 193 481 232 arasa
500 193 531 232 x.
865 139 925 233 375

78 320 186 389 Egregii
197 318 299 387 forma,
317 317 366 372 sed
377 320 438 389 quis
450 320 554 373 fortuna
567 328 676 387 negarat
875 323 926 372 435

77 390 108 443 In
120 391 234 458 patriam
245 389 355 441 reditus.
392 391 466 458 Ipsos
478 404 635 442 concurrere
648 404 743 456 passus

78 459 155 511 Haud
170 467 261 511 tamen
274 458 342 510 inter
354 475 383 510 se
395 459 485 526 magui
498 465 620 526 regnator
631 457 755 526 Olympi,

78 529 145 580 Mox
157 528 215 578 illos
227 544 275 579 sua
286 527 341 579 fata
353 535 462 579 manent
474 526 574 595 majore
587 527 637 579 sub
650 526 734 579 hoste.

114 597 218 649 Interea
230 613 300 648 soror
312 597 384 648 alma
396 604 487 648 monet
499 597 645 648 succedere
657 596 744 648 Lauso

79 666 207 735 Turnum,
221 666 267 734 qui
278 665 378 718 volucri
390 681 469 717 curru
481 663 602 716 medium
615 673 688 717 secat
699 681 805 733 agmen.
815 701 830 724 0
875 669 927 718 440

80 734 117 786 Ut
129 734 194 787 vidit
207 735 306 786 socios:
328 735 461 802 ‘Tempus
472 733 600 786 desistere
612 750 733 803 pugnae,

80 803 155 855 Solus
167 819 216 869 ego
228 803 255 855 in
267 802 388 854 Pallanta
400 802 469 854 feror
475 818 484 870 3
501 802 550 854 soli
563 801 629 854 mihi
641 802 730 854 Pallas

81 872 217 940 Debetur,
236 887 364 940 cuperem
376 871 433 940 ipse
445 887 542 940 parens
554 879 686 939 spectator
697 870 823 925 adesset!

80 941 156 992 Haec
167 941 219 1008 ait,
238 949 265 992 et
277 939 341 992 socii
353 950 491 993 cesserunt
502 955 617 1009 aequore
628 939 710 1018 jusso.

82 1012 126 1078 At,
139 1009 269 1062 Rutulum
280 1009 416 1078 abscessu,
429 1009 535 1078 juvenis
547 1017 611 1079 lum,
624 1025 698 1078 jussa
710 1009 825 1080 superba
877 1012 929 1062 445

81 1078 203 1147 Miratus,
217 1088 307 1147 stupet
318 1080 344 1131 iu
357 1078 454 1148 Turno,
468 1095 615 1148 corpusque
627 1079 782 1148 peringens

81 1147 196 1199 Lumina
208 1147 297 1215 volvit,
311 1148 418 1216 obitque
431 1148 498 1200 truci
510 1147 600 1216 procul
612 1147 703 1199 omnia
715 1148 782 1216 visu,

82 1216 195 1267 Talibus
207 1224 234 1267 et
246 1214 325 1268 dietis
338 1217 358 1269 it
370 1216 544 1269 contradicta
556 1216 674 1284 tyranni:

84 1287 153 1336 ‘Aut
166 1285 256 1353 spoliis
268 1301 318 1352 ego
328 1285 385 1355 jam
397 1286 479 1353 raptis
491 1284 619 1337 laudabor
631 1283 733 1353 opimis,

83 1355 136 1404 Aut
149 1353 201 1405 leto
214 1353 324 1420 insigni:
345 1354 407 1405 sorti
419 1363 495 1422 pater
506 1370 607 1421 aequus
620 1354 725 1422 utrique
736 1361 787 1405 est.
880 1357 930 1406 450

83 1422 158 1473 Tolle
171 1423 275 1475 minas!
313 1423 395 1475 Fatus
406 1422 527 1475 medium
539 1423 656 1490 procedit
669 1422 694 1473 in
707 1437 815 1490 aequor.

84 1489 206 1558 Frigidus
218 1491 366 1544 Arcadibus
378 1495 432 1544 coit
443 1493 471 1544 in
483 1491 637 1559 praecordia
649 1491 765 1558 sanguis.

83 1560 197 1612 Desiluit
209 1562 314 1613 Turnus
326 1560 425 1629 bijugis
432 1578 440 1630 3
458 1560 542 1630 pedes
553 1570 662 1630 apparat
676 1561 715 1612 ire

83 1629 248 1683 Comminus.
285 1630 375 1698 thue
388 1630 436 1700 leo,
451 1629 560 1699 specula
571 1646 636 1682 oum
648 1629 714 1682 vidit
726 1629 761 1682 ab
772 1629 828 1682 alta

84 1697 157 1751 Stare
170 1698 262 1767 procul
273 1715 333 1752 cam
353 1699 376 1751 is
387 1699 562 1752 meditantem
574 1699 601 1750 in
613 1698 714 1770 proelia
725 1706 839 1769 taurum,
881 1703 931 1752 455

84 1767 214 1821 Advolat:
235 1768 307 1822 haud
318 1717 373 1820 aiia
385 1778 426 1821 est
438 1768 521 1820 Turni
534 1769 666 1821 venientis
677 1768 773 1836 imago.

83 1836 162 1889 Hunc
174 1837 220 1890 ubi
233 1838 388 1904 contiguum
400 1837 499 1888 missae
510 1836 566 1888 fore
578 1837 690 1889 credidit
703 1836 804 1906 hastae,

84 1904 126 1956 Ira
138 1905 207 1972 prior
218 1905 314 1974 Pallas,
328 1905 349 1957 si
361 1922 415 1974 qua
427 1905 481 1956 sors
491 1903 600 1972 adjuvet
612 1922 707 1957 ausum

84 1972 191 2025 Viribus
202 1973 353 2052 imparibus,
367 1989 546 2042 magnumque
559 1975 595 2025 ita
607 1973 641 2026 ad
653 1971 763 2025 aethera
775 1971 862 2026 latur:

86 2042 154 2094 ‘Per
165 2043 246 2110 patris
258 2042 402 2110 hospitium
414 2051 441 2094 et
453 2058 567 2111 mensas,
580 2058 648 2110 quas
658 2040 765 2094 advena
776 2041 865 2114 adisti,
881 2046 933 2095 460

84 2110 124 2162 Te
136 2127 236 2181 precor,
248 2111 352 2179 Alcide,
365 2111 467 2180 coeptis
478 2110 631 2178 ingentibus
642 2109 723 2163 adsis.

85 2179 181 2232 Cernat
193 2179 321 2233 semineci
334 2179 385 2233 sibi
397 2197 441 2232 me
454 2195 548 2248 rapere
559 2195 635 2232 arma
646 2187 765 2249 cruenta,

85 2248 274 2319 Victoremque
286 2248 373 2301 lerant
384 2249 526 2301 morientia
537 2248 639 2301 lumina
650 2248 751 2301 Turni!

85 2317 178 2370 Audiit
190 2318 299 2371 Alcides
309 2318 445 2388 juvenem,
459 2319 643 2387 magnumque
656 2315 706 2370 sub
719 2317 773 2370 imo

86 2387 170 2439 Corde
182 2387 278 2455 premit
289 2386 420 2456 gemitum
432 2387 609 2456 lacrimasque
621 2385 736 2441 effundit
747 2386 842 2440 inanis.
882 2391 934 2441 405

86 2455 157 2508 Turn
170 2457 278 2511 Genitor
290 2467 385 2510 natum
396 2456 477 2510 dictis
488 2455 585 2509 affatur
596 2457 709 2510 amicis:

89 2524 159 2577 ‘Stat
171 2542 220 2579 sua
231 2528 329 2597 cuique
341 2525 416 2595 dies,
436 2526 516 2579 breve
529 2533 556 2578 et
568 2524 739 2596 irreparabile
750 2531 858 2596 tempus

86 2593 216 2648 Omnibus
227 2605 268 2650 est
279 2597 369 2663 vilae,
387 2596 434 2647 sed
447 2595 550 2648 famam
562 2594 707 2648 extendere
719 2593 805 2664 factis,

87 2661 143 2714 Hoc
155 2663 259 2717 virtutis
270 2680 345 2732 opus.
381 2664 476 2733 Trojae
489 2664 539 2717 sub
550 2663 691 2716 moenibus
703 2663 763 2715 altis

87 2730 137 2782 Tot
149 2733 222 2798 gnati
234 2733 357 2786 cecidere
369 2730 468 2800 deum,
485 2734 548 2800 quin
561 2732 656 2784 occidit
668 2747 722 2783 una
884 2734 936 2784 470

87 2799 230 2870 Sarpedon,
243 2818 306 2854 mea
317 2801 465 2869 progenies.
502 2801 592 2853 Etiam
604 2816 653 2852 sua
665 2800 785 2852 Turnum

88 2868 155 2921 Fata
167 2879 270 2938 vocant,
283 2876 424 2937 metasque
437 2867 492 2920 dali
504 2868 624 2937 pervenit
636 2868 670 2920 ad
682 2867 761 2920 aevi!

87 2936 131 2990 Sic
142 2939 187 3008 ait,
199 2947 280 3009 atque
292 2936 382 2992 oculos
392 2937 549 2991 Rutulorum
561 2937 646 3007 rejicit
658 2937 737 2991 arvis.

47 3066 101 3112 439.
134 3063 214 3112 Soror.
246 3064 301 3112 The
319 3063 410 3168 nymph
427 3062 540 3118 Juturna,
558 3062 630 3110 sister
647 3061 675 3110 os
690 3061 797 3110 Turnus.
829 3061 876 3109 See
892 3061 933 3112 xil.

34 3126 71 3178 38,
86 3123 233 3170 dac-441.
264 3123 352 3176 Socios,
371 3132 379 3167 t
399 3137 412 3168 e
430 3121 559 3170 Rutulians
576 3121 666 3169 urouud
683 3121 786 3169 Lausus.
819 3120 866 3168 See
881 3122 935 3168 445.

34 3184 109 3229 -450,
136 3181 219 3237 Pater,
233 3183 271 3229 his
282 3181 359 3228 lether
371 3181 491 3236 Evander,
502 3180 618 3240 referring
628 3190 654 3228 to
664 3181 705 3228 the
717 3180 779 3227 wish
790 3179 817 3227 of
825 3179 934 3236 Turnus,

34 3242 168 3289 ra-laa.
201 3241 246 3297 Ire,
265 3241 306 3288 the
322 3240 445 3288 historical
462 3240 686 3288 infinitiva-⁴160.
722 3239 769 3286 Sec
785 3238 834 3286 viii.
846 3240 936 3286 362..-

34 3301 72 3347 61.
102 3300 193 3349 Alcide.
221 3301 268 3348 See
280 3310 303 3346 at
315 3299 347 3346 vi.
359 3302 509 3347 aaa-463.
537 3299 651 3348 Victorem
661 3314 708 3346 me.
735 3297 843 3346 Ferant:
864 3295 936 3348 cale·

34 3363 196 3409 *rana-466.
215 3361 322 3408 Genitor.
348 3358 548 3418 lapiton-471.
575 3359 624 3409 See
633 3367 658 3408 at
669 3358 685 3406 i.
697 3359 846 3408 100-472,
861 3353 935 3416 Fato,

34 3418 72 3466 to.
102 3416 268 3477 Secxii.950,
282 3417 331 3466 &a
