2086 3622
448 151 541 191 aratra
561 152 602 192 rv.
925 136 984 191 221

134 281 210 339 Quae
223 280 305 334 dabat
317 287 344 331 et
357 295 446 332 sacros
458 279 582 333 servabat
594 281 620 334 in
633 281 725 335 arbore
737 296 832 350 ramos,
932 282 984 333 485

134 350 266 418 Spargens
278 349 389 401 humida
402 349 485 401 mella
497 351 724 421 soporiferumque
737 367 862 421 papaver.

133 420 208 471 Haec
220 437 250 471 se
262 419 426 471 carminibus
458 419 568 471 remittit
580 420 682 474 solvere
695 430 809 490 mentes,

134 489 208 546 Quas
220 488 291 557 velit,
305 495 347 540 ast
359 488 419 539 aliis
450 505 512 540 uras
523 488 667 543 immittere
681 506 775 558 curas,

134 558 233 610 Sistere
246 575 343 627 aquam
356 557 452 624 fluviis,
467 565 495 608 et
506 566 611 610 vertere
625 560 715 612 sidera
727 568 811 627 retro,

134 628 336 695 Nocturnosque
349 636 439 679 movet
453 627 544 678 Manis
552 644 559 695 3
578 630 682 696 mugire
695 629 801 682 videbis
934 629 986 678 490

134 697 188 749 Sub
201 696 316 766 pedibus
328 705 434 764 terram,
448 704 475 746 et
487 694 652 750 descendere
664 698 801 751 montibus
812 712 898 750 ornos.

134 768 235 834 Testor,
249 782 318 833 cara,
332 766 398 817 deos
410 773 437 817 et
449 772 484 832 te,
497 781 633 835 germana,
647 775 777 837 tuumque

134 835 220 887 Dulce
233 842 322 903 caput,
336 834 456 901 magicas
468 834 579 887 invitam
591 836 726 903 accingier
738 837 811 888 artis.

134 906 176 956 Tu
188 913 291 956 secreta
304 920 399 973 pyram
411 910 482 955 tecto
494 902 617 956 interiore
630 905 680 957 sub
692 922 772 957 auras

135 973 223 1042 Erige,
237 982 265 1025 et
276 990 351 1025 arma
364 972 421 1041 viri,
435 971 553 1027 thalamo
567 991 636 1043 quae
648 974 702 1027 fixa
714 975 819 1044 reliquit
935 977 987 1028 495

134 1043 244 1111 Impius,
259 1043 423 1111 exuviasque
435 1043 529 1113 omnis,
543 1043 699 1113 lectumque
714 1043 838 1114 agilem,

134 1112 193 1168 Quo
208 1112 281 1179 perii,
295 1112 527 1180 superimponent:
547 1112 655 1165 abolere
667 1061 778 1166 nedandi

135 1181 238 1231 Cuncta
249 1181 299 1231 viri
311 1189 485 1233 monumenta
496 1182 791 1251 juvat-monstratque
804 1180 949 1234 sacerdos!

135 1249 210 1300 Haec
222 1249 304 1301 effata
316 1249 392 1317 silet;
410 1250 493 1318 pellor
506 1250 588 1302 simul
599 1258 713 1318 occupat
725 1267 778 1302 ora.

135 1318 196 1370 Non
208 1326 299 1370 tamen
311 1320 390 1370 Anna
402 1319 478 1370 novis
489 1327 645 1387 praetexere
658 1320 753 1371 funera
765 1318 849 1371 sacris
937 1322 988 1371 500

136 1388 301 1439 Germanam
313 1387 407 1454 credit,
422 1403 472 1439 nec
484 1396 571 1440 tantos
582 1395 674 1439 mente
687 1387 789 1440 furores

135 1457 264 1535 Concipit,
278 1465 325 1510 aut
336 1457 457 1524 graviora
469 1457 553 1527 timet,
566 1473 649 1525 quam
662 1465 746 1509 morte
759 1456 882 1527 Sychaei.

136 1527 206 1593 Ergo
218 1543 293 1595 Jussa
305 1534 389 1596 parat.

170 1599 206 1647 At
219 1597 317 1665 regina,
331 1612 397 1665 pyra
409 1595 541 1664 penetrali
554 1595 580 1648 in
594 1595 659 1648 sede
672 1595 722 1649 sub
735 1613 815 1649 auras

136 1665 234 1717 Erecta
246 1665 348 1734 ingenti
359 1665 447 1719 taedis
458 1674 540 1735 atque
554 1665 613 1717 ilice
626 1673 708 1735 secta,
937 1668 988 1717 505

136 1735 306 1803 Intenditque
318 1735 407 1789 loc-um
419 1736 498 1788 sertis
510 1743 537 1788 et
549 1734 642 1787 fronde
654 1743 762 1787 coronat

137 1803 258 1856 Funerea
266 1821 273 1873 3
292 1820 381 1873 super,
394 1805 506 1857 exuvias
518 1820 667 1872 ensemque
680 1805 806 1857 relictum

137 1872 318 1941 Effigiemque
331 1881 386 1924 toro
398 1873 475 1941 locat,
488 1872 561 1925 haud
573 1874 665 1939 ignara
676 1873 767 1926 futuri.

136 1942 211 1993 Stant
223 1959 286 1993 arae
298 1942 408 2009 circum,
423 1950 450 1993 et
462 1942 543 1993 crinis
556 1942 643 1993 effusa
655 1942 781 1994 sacerdos

136 2011 190 2061 Ter
202 2016 311 2063 centu'm
324 2018 395 2063 tonet
407 2027 453 2063 ore
465 2010 538 2079 deos,
552 2010 723 2079 Erebumque
736 2010 874 2079 Chaosque
938 2016 990 2064 510

137 2079 382 2147 Tergeminamque
394 2079 524 2147 Hecaten,
538 2080 588 2130 tria
601 2079 710 2146 virginis
722 2095 767 2131 ora
778 2080 890 2131 Dianae.

137 2147 275 2215 Sparserat
287 2156 314 2199 et
326 2147 422 2200 latices
433 2148 572 2199 simulatos
583 2147 665 2200 fontis
676 2147 785 2217 Averni,

137 2216 264 2269 Falcibus
275 2226 303 2269 et
314 2233 421 2269 messae
434 2215 470 2269 ad
481 2217 585 2269 Lunam
598 2226 762 2285 quaeruntur
773 2216 850 2271 551115

137 2286 275 2339 Pubentes
286 2285 386 2339 herbae
399 2286 467 2355 nigri
480 2303 543 2338 eum
555 2286 626 2339 15515
639 2287 753 2355 veneni,

137 2356 279 2415 Quaeritur
290 2364 318 2409 et
329 2356 466 2411 nascentis
477 2354 541 2425 equi
552 2357 586 2410 de
598 2356 684 2409 fronte
696 2355 817 2411 revolsus
937 2358 989 2409 515

95 2507 149 2552 490.
174 2504 248 2553 From
260 2505 359 2555 videbis.
371 2519 410 2552 we
426 2503 505 2565 might
516 2503 577 2552 infer
587 2503 641 2551 that
652 2504 743 2565 mugire
752 2501 828 2551 resera
843 2510 870 2549 to
885 2501 988 2558 motion,

67 2564 115 2612 and
125 2572 167 2611 not
178 2574 204 2611 to
219 2564 305 2611 abund.
336 2562 389 2613 Yet
405 2579 447 2613 sec
464 2562 524 2611 such
540 2563 696 2622 expressions
713 2579 740 2609 es
756 2562 823 2609 visae
838 2563 943 2616 51111515,
955 2561 989 2608 vi.

66 2626 218 2672 bib—492.
239 2622 322 2671 Testor
332 2638 372 2670 me
382 2624 508 2685 accingier.
536 2622 583 2670 See
596 2622 695 2680 Zumpt,
709 2622 885 2672 teos-493.
901 2619 989 2667 Accin-

64 2684 120 2745 gier
129 2682 174 2735 (lor
184 2684 294 2741 accingi),
308 2682 441 2729 5551010.
472 2682 538 2729 Herc
555 2682 573 2728 it
589 2680 634 2728 has
646 2698 660 2728 e
670 2680 792 2738 deponent
807 2694 862 2748 use,
878 2683 919 2724 ‘to
935 2692 988 2745 pre-

83 2756 124 2789 nrs
135 2752 161 2808 15
172 2740 289 2845 cmplqpss
303 2740 437 2845 governinq
452 2740 495 2807 the
510 2740 649 2807 accrrsative
665 2741 735 2786 artis.
766 2736 880 2804 Inrntnm.¹
909 2735 991 2803 Yrrgd

65 2758 125 2849 here
135 2815 205 2859 gives
217 2798 247 2845 Dr
265 2813 279 2846 ο
290 2815 305 2845 n
317 2798 412 2847 Roman
432 2799 522 2857 eelmg,
533 2798 614 2844 whrch
623 2813 674 2844 was
686 2811 771 2843 averse
782 2804 808 2841 to
817 2810 897 2853 magro
907 2808 989 2842 mean·

65 2860 165 2928 tatione,
193 2858 240 2925 See
252 2858 267 2904 i.
279 2860 413 2927 ra-tao.
425 2856 509 2913 Juvat,
523 2856 606 2923 others
616 2856 675 2922 read
680 2857 853 2915 juben-505.
866 2852 989 2921 Construe

65 2911 989 3041 111111111151111110111111111111111111111

65 3038 105 3091 54.
119 3036 264 3084 dcc-510.
289 3034 344 3081 The
362 3034 498 3093 Massylrnn
514 3042 631 3091 prrestess
649 3035 710 3086 (483)
727 3032 787 3079 55115
804 3030 888 3090 loudly
898 3045 931 3079 on
946 3031 989 3099 the

64 3094 166 3157 [511551
177 3094 219 3141 1115
232 3094 306 3141 lower
317 3092 503 3141 world-either
514 3092 581 3140 three
593 3092 710 3148 hundred,
722 3106 750 3139 or
760 3108 775 3139 5
784 3090 895 3140 hundred
910 3089 988 3137 thrrce

64 3153 152 3210 called,
165 3154 190 3201 in
201 3154 280 3201 either
290 3168 347 3201 case
359 3152 450 3211 clergo
462 3150 585 3199 indefinite
598 3151 819 3205 number-Chaos,
832 3149 874 3197 the
885 3148 988 3208 primor-

64 3212 115 3263 dial
125 3212 201 3273 deity,
212 3222 269 3272 type
280 3212 308 3259 of
315 3211 456 3266 confusion3
474 3209 512 3258 his
524 3226 568 3258 son
579 3211 680 3266 Ecetras,
691 3210 732 3257 the
744 3208 869 3269 hell-god;
887 3207 986 3274 Hecate,

63 3288 93 3323 51
107 3272 199 3329 Marta,
213 3271 366 3331 worshipped
383 3272 407 3318 in
424 3270 492 3317 three
509 3279 614 3329 aspecta,
633 3270 719 3325 Diana,
738 3269 816 3325 Luna,
831 3266 985 3324 Proserpina,

62 3346 93 3381 51
102 3330 204 3381 Hecate.
213 3335 305 3379 -510,
322 3330 423 3378 Averni.
455 3330 503 3377 Sec
514 3344 537 3387 p.
551 3332 603 3385 too,
617 3328 665 3378 line
676 3332 751 3377 38.-
759 3330 813 3376 514.
832 3324 926 3373 1151555
935 3339 989 3375 cun
997 3321 1012 3352 s

63 3392 142 3449 botes
159 3390 249 3439 herbae
260 3405 322 3450 quae
333 3389 423 3438 habent
435 3389 480 3445 lac,
494 3403 603 3437 succum.

173 3452 228 3503 19*
