2078 3622
441 182 599 221 AENTIDOS.

129 311 221 378 Ipsum
232 308 404 377 obtestemur,
419 310 578 378 veniamque
591 326 698 372 cremus
709 308 744 362 ab
757 325 829 379 pso:

129 378 220 447 Cedat,
232 378 276 447 jus
289 379 421 447 proprium
435 380 488 445 regi
502 380 655 447 patriaeque
671 380 795 431 remittat.

129 449 199 508 Quid
214 450 325 500 miserus
338 450 415 499 toties
428 449 453 499 iu
466 460 558 516 riperta
571 447 689 517 pericula
701 448 768 500 civis
928 452 980 502 360

129 518 247 587 Projicis,
260 534 275 569 o
288 517 363 569 Latio
376 529 456 585 caput
472 517 564 571 horum
578 531 604 569 et
616 535 698 569 eausa
711 518 861 571 malorum!

129 589 210 643 Nulla
224 587 297 639 sulus
311 586 379 638 bello
388 604 395 653 ;
416 604 509 655 pacem
524 598 549 639 te
563 588 698 655 poscimus
710 604 811 655 ornnes,

129 662 226 724 Turne,
239 656 320 709 sinrul
334 659 408 725 pacis
420 658 506 709 solum
520 656 673 709 inviolabile
686 657 789 725 pignus.

130 730 235 781 Primus
247 742 304 794 ego,
319 726 436 779 ruvisum
448 743 530 796 quern
544 738 571 779 tu
586 726 632 777 tibi
645 727 729 794 hagie,
743 735 770 778 et
783 743 843 777 esse

128 799 154 850 N
158 798 173 849 il
185 812 279 862 moror,
293 812 325 847 en
339 796 453 865 supplex
466 797 551 848 verrio.
587 796 718 848 Miserere
732 806 844 865 tuorum,
928 799 980 847 365

129 868 201 919 Pone
214 865 325 932 animos,
339 876 366 916 et
380 866 472 934 pulsus
483 865 537 919 abi.
574 865 618 917 Sat
631 865 726 917 funera
739 866 791 917 susi

130 936 258 999 VidirnuS,
273 936 387 1004 ingentis
399 943 426 986 et
438 936 619 987 desolavimus
631 952 716 1002 agros.

129 1008 191 1074 Aut,
206 1002 229 1056 si
241 1005 314 1057 fama
326 1015 424 1074 movet,
438 1006 459 1056 si
472 1014 576 1057 tantum
588 1016 695 1074 pectore
707 1003 786 1057 robur

130 1073 261 1144 Concipis,
274 1084 300 1127 et
313 1075 336 1127 si
349 1074 416 1125 adeo
430 1073 526 1126 dotalis
539 1075 611 1142 regia
623 1073 695 1127 cordi
708 1082 756 1142 est,

129 1144 216 1211 Ande,
229 1155 309 1213 atque
322 1144 463 1196 adversum
477 1143 563 1197 fideus
576 1143 616 1196 fer
628 1154 724 1213 pectus
736 1143 763 1195 iu
776 1141 890 1196 hostem.
927 1147 978 1196 370

130 1214 244 1282 Scilicet,
259 1224 287 1268 ut
300 1215 388 1266 Turno
401 1214 533 1282 contingat
546 1212 620 1281 regia
631 1213 753 1283 conjunx,

129 1285 193 1352 Nos,
207 1284 315 1337 animae
328 1284 401 1350 viles,
416 1282 555 1336 inhumata
568 1282 712 1352 infletaque
725 1281 809 1351 turba,

130 1354 282 1407 Sternantur
293 1352 406 1420 eampis.
442 1354 532 1406 Etiam
545 1362 580 1418 tu,
594 1353 617 1405 si
630 1370 683 1422 qua
695 1350 742 1406 tibi
754 1352 803 1419 vis,

129 1422 157 1475 Si
171 1424 245 1491 patrii
258 1424 322 1493 quid
334 1422 432 1475 Martis
443 1422 537 1492 habes,
551 1421 627 1476 illum
639 1423 729 1492 aspice
741 1433 841 1492 eorrtra,

129 1493 179 1552 Qui
194 1495 289 1545 vocat)
927 1497 978 1547 375

164 1562 274 1613 Talibus
286 1561 385 1614 exarsit
396 1560 476 1614 dictis
487 1560 614 1613 violentia
627 1561 709 1614 Turni
719 1578 726 1629 ;

129 1631 180 1682 Dat
192 1632 331 1699 gemitum,
346 1632 496 1699 rumpitque
510 1629 559 1682 has
571 1631 625 1682 imo
673 1640 745 1683 ctare
758 1647 854 1683 voees:

131 1700 229 1766 ‘Larga
240 1699 358 1767 quidem,
374 1700 483 1767 Drance,
497 1716 604 1767 semper
616 1698 634 1750 ti
656 1699 663 1750 i
676 1699 752 1768 copia
765 1699 839 1753 sandi

129 1769 207 1835 Turn,
221 1785 284 1821 cum
299 1768 368 1821 bella
381 1786 477 1820 manus
489 1778 601 1838 poscunt
609 1784 617 1837 3
635 1769 810 1837 patribusque
824 1768 925 1823 voeatis

129 1838 234 1890 Primus
245 1839 319 1889 ades.
356 1837 408 1889 Sed
422 1855 472 1890 non
485 1837 614 1907 replenda
625 1848 666 1891 est
679 1838 752 1891 curia
765 1838 861 1909 verbis,
927 1844 978 1893 380

129 1907 204 1966 Quae
217 1918 271 1960 tuto
285 1907 330 1960 tibi
343 1924 440 1975 magna
452 1907 548 1976 volant,
562 1908 627 1961 dum
640 1908 748 1961 distinet
760 1907 867 1963 hostem

129 1981 217 2045 Agger
230 1994 388 2045 moerorum,
401 1994 451 2029 nee
465 1978 592 2030 inundant
606 1978 734 2047 sanguiue
747 1976 844 2031 fessae.

130 2047 240 2099 Proinde
253 2058 314 2099 tona
326 2047 432 2115 eloquio
439 2063 447 2115 3
466 2047 574 2099 solitum
586 2047 650 2116 tibi,
669 2064 768 2117 meque
780 2047 883 2101 timoris

129 2119 220 2184 Argue
232 2125 268 2184 tu,
282 2117 393 2184 Drance,
408 2114 513 2184 quaudo
526 2124 563 2169 tot
576 2118 671 2185 stragis
682 2132 793 2169 acervos

128 2187 291 2238 Teucrorum
305 2194 350 2238 tua
362 2185 456 2238 dextra
467 2186 548 2255 dedit,
563 2186 716 2265 passimque
729 2185 845 2256 tropaeis
927 2190 977 2240 385

128 2254 241 2322 lusiguis
252 2272 337 2322 agros.
375 2256 461 2307 Possit
473 2255 539 2325 quid
552 2255 642 2308 vivida
653 2264 743 2325 virtus,

130 2325 275 2393 Experiere
287 2324 367 2393 lieet,
386 2341 437 2376 nec
450 2324 528 2393 longe
540 2325 642 2378 seilicet
653 2324 747 2378 hostes

128 2392 279 2451 Quaerendi
291 2394 382 2460 uobis,
401 2395 573 2447 circumstant
585 2394 703 2463 undique
715 2409 814 2447 muros.

128 2463 202 2515 lmus
215 2462 241 2515 in
254 2461 396 2515 adversos!
417 2462 481 2531 quid
494 2464 605 2516 cessasl
622 2480 656 2515 au
669 2463 717 2516 tibi
727 2462 839 2516 Mavors

127 2533 243 2584 Ventosa
256 2530 280 2583 in
295 2530 384 2600 lingua
397 2532 563 2601 pedibusque
576 2531 717 2601 fugacibus
728 2530 787 2585 istis
926 2537 977 2587 300

127 2601 237 2669 Semper
250 2601 318 2653 eritl

128 2671 224 2722 Pulsus
236 2670 306 2737 egel
325 2677 370 2722 aut
382 2670 523 2739 quisquam
537 2671 639 2739 merito,
653 2668 817 2741 foedissime,
831 2670 941 2743 pulsum

127 2743 235 2808 Arguet,
251 2740 329 2793 lliaoo
342 2740 475 2792 tumidum
488 2739 535 2809 qui
547 2757 668 2792 erescere
680 2738 812 2819 Thybrim

127 2809 259 2877 Sanguine
273 2820 299 2862 et
314 2807 428 2862 Evandri
443 2818 524 2862 totam
537 2826 600 2861 cum
613 2810 694 2877 stirpe
707 2808 809 2863 videbit

127 2878 301 2930 Procubuisse
314 2879 431 2946 domum,
445 2886 527 2946 atque
540 2888 635 2931 exutos
646 2877 767 2931 Arcadas
779 2876 883 2933 arruisl
926 2884 977 2933 305

126 2946 203 2998 Haud
218 2948 254 2999 ita
266 2965 310 3000 me
324 2948 425 3016 experti
438 2947 521 2999 Bitias
533 2957 560 2999 et
574 2946 710 3001 Pandarus
720 2948 824 3019 ingens,

126 3016 160 3071 Er
172 3031 239 3083 quos
252 3017 324 3069 mille
337 3016 381 3068 die
395 3016 477 3068 vietor
488 3016 539 3069 sub
551 3016 661 3070 Tartara
673 3016 743 3087 misi,

85 3126 136 3170 363.
159 3123 266 3185 Pignus,
291 3123 523 3171 Lavinium—371.
546 3124 650 3180 Soilrhet,
674 3124 739 3181 &o.;
766 3124 974 3177 hemeah-382.

59 3180 200 3229 Moeroram.
239 3183 285 3229 See
305 3192 329 3228 at
351 3198 374 3228 x.
391 3186 525 3230 iat-384.
546 3182 656 3243 Quando,
678 3183 743 3239 διας
770 3181 987 3243 imum-ms

58 3239 145 3296 Bitiae,
160 3242 208 3287 doc.
241 3241 288 3288 See
304 3241 336 3288 ix.
354 3244 408 3294 672,
420 3240 565 3290 dec-397.
581 3242 637 3297 Die,
654 3241 768 3297 interdiu,
787 3252 829 3289 uot
846 3244 879 3305 by
894 3244 975 3307 night,

55 3314 82 3347 us
94 3300 135 3346 the
148 3299 244 3347 Greeks
260 3300 374 3347 attached
385 3299 426 3346 the
439 3298 551 3359 Trojans.
584 3301 683 3349 Turnus
694 3300 716 3348 is
726 3298 784 3349 fond
794 3298 824 3349 ot*
834 3316 976 3367 wulpem

56 3356 157 3406 himself
164 3359 224 3407 with
234 3359 275 3408 the
288 3359 393 3408 Greeks.
425 3357 484 3405 And
495 3373 526 3406 on
538 3358 588 3408 this
598 3359 665 3419 point
676 3374 719 3409 see
729 3358 762 3407 ix.
775 3362 827 3411 150.
859 3360 969 3415 strum

56 3430 77 3461 v.
90 3419 142 3464 734.
