2086 3622
429 159 521 222 LIBER
540 161 594 201 Xll.

120 283 222 352 Adjuro
235 284 318 354 Stygii
331 295 410 354 caput
423 286 595 355 implacabile
606 287 693 356 fontis,

119 353 180 406 Una
191 355 343 421 superstitio
356 357 459 423 superis
471 374 541 425 quae
554 357 655 410 reddita
668 356 744 410 divis.

120 422 155 474 Et
166 439 239 475 nunc
251 423 317 475 cedo
330 425 464 492 equidem,
478 443 634 544 pugnasque
647 444 728 480 exosa
739 425 870 498 relinquo.

118 490 189 544 lllud
202 501 235 558 te,
248 492 322 545 nulla
334 493 382 544 lati
395 495 464 561 quod
489 511 537 561 ege
551 504 663 565 tenetur,

118 560 169 612 Pro
182 561 257 612 Latio
269 562 391 629 obtestor,
405 579 453 631 pro
465 564 605 632 majestate
618 575 741 618 tuorum:
916 571 969 621 820

118 629 186 681 Cum
197 629 254 697 jam
266 633 405 684 connubiis
417 649 512 698 pacem
525 633 655 702 felicibus,
669 644 734 704 esto,

117 698 289 768 Component,
303 699 432 768 eum-jam
446 699 520 768 leges
532 712 559 753 et
572 702 681 754 foedera
691 703 812 774 jungent,

116 767 159 819 Ne
172 777 250 820 vetus
262 769 401 835 indigenas
413 786 509 822 nomen
523 781 626 824 mutare
640 772 757 842 Latinos,

115 837 177 889 Neu
189 838 271 890 Troas
283 838 341 890 fieri
352 836 448 906 jubeas
460 839 630 909 Teucrosque
643 843 739 910 vocari,

115 907 170 958 Aut
182 923 279 959 vocem
290 916 393 960 mutare
406 907 481 978 viros,
495 921 541 961 aut
556 919 657 962 vertere
671 919 785 964 vestem.
915 917 965 966 825

115 975 152 1027 Sit
165 976 280 1046 Latium,
294 978 345 1030 sint
358 977 456 1030 Albani
468 996 515 1047 per
527 979 637 1032 saecula
648 997 733 1049 reges,

114 1043 152 1096 Sit
164 1046 284 1098 Romana
296 1056 392 1114 potens
404 1047 470 1099 ltala
484 1048 579 1103 virtute
591 1066 722 1118 propago,

113 1113 224 1180 Occidit,
238 1115 421 1184 occideritque
434 1119 506 1168 sinas
518 1135 581 1170 curn
594 1120 702 1171 nomine
715 1118 813 1188 Troja'

113 1182 163 1235 Olli
176 1184 317 1236 subridens
329 1185 468 1238 hominurn
481 1203 622 1255 rerumque
635 1196 766 1256 repertor:

115 1252 169 1304 ‘Es
180 1270 307 1321 germana
318 1253 392 1306 Jovis
403 1254 562 1323 Saturnique
574 1255 657 1307 altera
669 1255 771 1324 proles:
913 1262 964 1311 830

112 1321 215 1374 Irarum
228 1331 315 1375 tantos
326 1322 411 1374 volvis
422 1323 473 1375 sub
485 1333 591 1391 pectore
604 1323 719 1378 fluctus!

111 1391 213 1442 Verum
225 1409 276 1458 age
289 1400 315 1443 et
327 1391 465 1461 inceptum
479 1393 574 1445 frustra
586 1392 714 1446 submitte
726 1392 858 1448 furorem:

111 1459 158 1527 Do,
173 1460 242 1528 quod
255 1461 302 1529 vis,
317 1469 344 1512 et
356 1478 401 1513 me
414 1462 554 1530 victusque
567 1463 711 1532 volensque
724 1462 840 1516 remitto.

112 1529 266 1582 Sermonem
278 1530 391 1583 Ausonii
402 1531 517 1599 patrium
529 1547 669 1600 moresque
682 1531 819 1601 tenebunt,

110 1597 201 1666 thue
213 1608 262 1669 est,
275 1616 373 1652 nomeu
385 1599 433 1652 erit
440 1616 449 1669 3
467 1601 605 1654 commisti
617 1617 725 1671 corpore
737 1609 842 1656 tantum
910 1603 962 1655 835

112 1666 255 1722 Subsident
268 1669 364 1722 Teucri
372 1687 379 1738 3
397 1686 500 1722 morem
513 1671 630 1741 ritusque
643 1687 779 1724 sacrorum

111 1736 255 1806 Adjioiam,
268 1738 421 1808 faciamque
434 1740 522 1792 omnis
533 1756 585 1792 uno
598 1756 643 1792 ore
656 1740 771 1793 Latinos.
889 1783 894 1787 .

112 1804 181 1856 Hinc
193 1823 278 1873 genus
290 1808 408 1860 Ausonio
421 1810 534 1861 mixtum
547 1809 617 1878 quod
630 1811 760 1877 sanguine
773 1815 871 1878 surget,

112 1873 196 1942 Supra
208 1875 338 1945 homines,
352 1892 432 1944 supra
444 1877 482 1928 ire
494 1877 559 1928 deos
571 1878 672 1945 pietate
686 1878 797 1947 videbis,

111 1943 138 1995 N
140 1959 171 1994 ec
182 1960 250 2011 gens
262 1944 316 1997 ulla
328 1953 387 1998 tuos
398 1962 486 2013 aeque
498 1945 645 1998 celebrabit
658 1945 787 1999 honores)
910 1950 963 1999 840

112 2014 213 2066 Annuit
225 2013 267 2065 his
278 2016 355 2083 Juno,
369 2023 395 2066 et
408 2023 528 2067 mentem
539 2014 639 2068 laetata
652 2015 763 2068 retorsit.

111 2081 217 2134 Interea
229 2083 335 2136 excedit
348 2082 429 2152 coelo,
444 2084 597 2152 nubemque
610 2084 743 2154 relinquit.

146 2152 195 2204 His
206 2153 274 2206 actis
284 2153 357 2206 aliud
371 2152 481 2205 Genitor
491 2169 587 2206 secum
599 2153 656 2222 ipse
668 2153 778 2222 volutat,

111 2221 306 2291 Juturnamque
318 2231 394 2302 parat
406 2221 494 2275 fratris
505 2222 640 2275 dimittere
652 2221 688 2275 ab
699 2223 789 2276 armis.

112 2289 241 2343 Dicuntur
252 2308 376 2358 geminae
389 2302 480 2360 pestes
491 2292 650 2360 cognomine
662 2291 750 2362 Dirae,
911 2295 964 2344 845

112 2358 185 2416 Quas
197 2369 224 2412 et
236 2360 391 2414 Tartaream
403 2362 464 2414 Nox
477 2360 639 2438 intempesta
649 2361 809 2430 Megaeram

112 2428 171 2480 Uno
184 2428 334 2500 eodemque
346 2430 405 2483 tulit
417 2443 502 2499 partu,
515 2429 676 2500 paribusque
689 2430 804 2484 revinxit

112 2497 272 2568 Serpentum
283 2499 369 2569 spiris,
383 2507 560 2568 ventosasque
572 2500 676 2553 addidit
687 2498 752 2554 alas.

111 2566 169 2619 Hae
181 2569 256 2621 Jovis
267 2569 301 2621 ad
315 2570 412 2623 solium
424 2569 553 2638 saevique
566 2569 593 2622 in
605 2569 697 2623 limine
710 2568 781 2637 regis

111 2638 256 2705 Apparent,
269 2647 422 2707 acuuntque
436 2646 541 2690 metum
552 2639 709 2691 mortalibus
722 2637 817 2705 aegris,
914 2639 965 2688 850

112 2704 138 2755 Si
151 2705 257 2772 quando
270 2705 356 2758 letum
367 2706 519 2758 horrificum
533 2706 625 2758 morbo
659 2721 693 2758 ue
706 2706 790 2759 deum
803 2721 851 2757 rex

113 2773 231 2843 Melum,
244 2774 354 2827 meritas
365 2783 411 2826 aut
422 2774 496 2826 bello
509 2774 611 2826 territat
622 2790 654 2826 ur
674 2791 712 2827 es.

112 2841 214 2895 Harum
228 2859 311 2895 unam
323 2842 442 2896 celerem
454 2842 565 2895 demisit
576 2842 612 2896 ab
625 2844 735 2895 aethere
747 2857 855 2896 surnrno

73 2969 125 3013 815.
149 2966 253 3028 Adjuro,
273 2968 332 3024 dcc„
349 2968 382 3015 vi.
400 2969 551 3015 sah-eat.
576 2966 716 3023 Conm'rbiis,
734 2966 749 3015 i.
766 2970 902 3017 73.-830.
919 2967 965 3024 Er,

45 3024 94 3072 &e
126 3024 192 3073 Juno
208 3026 299 3085 proved
315 3025 414 3083 herself,
428 3026 526 3084 Jupiter
541 3025 668 3086 smilingly
683 3041 780 3086 argues,
793 3042 808 3074 a
823 3036 877 3074 true
893 3026 966 3094 sister

44 3082 72 3131 os
86 3084 124 3130 his
141 3099 206 3139 own,
220 3085 267 3132 and
284 3084 404 3145 daughter
419 3084 448 3133 of
461 3085 559 3141 Saturn,
573 3100 588 3132 a
602 3084 695 3132 violent
711 3101 775 3143 rece,
788 3087 822 3145 by
837 3085 881 3133 her
896 3084 967 3134 tresul

45 3153 146 3202 temper.
180 3143 271 3191 Others
282 3144 339 3192 read
350 3153 380 3201 et,
392 3143 537 3204 expressing
547 3143 647 3192 wonder
657 3143 710 3192 that
721 3159 767 3193 one
778 3160 807 3193 so
817 3153 884 3205 great
895 3143 968 3192 could

43 3205 75 3250 be
91 3218 119 3249 so
136 3202 214 3250 irelul.
247 3203 309 3251 Com
328 3219 368 3251 are
386 3203 401 3251 i.
421 3204 554 3251 11,-845.
577 3200 657 3263 Virgil
673 3217 754 3252 seems
770 3213 796 3251 to
813 3218 884 3252 mean
900 3203 964 3259 that.

44 3261 119 3309 while
136 3261 204 3310 there
220 3277 286 3310 were
304 3219 372 3310 three
389 3261 410 3310 F
412 3262 477 3310 uries
495 3261 535 3318 (vi.
547 3264 611 3318 555),
624 3261 682 3330 only
693 3271 743 3332 turo
759 3277 824 3311 wera
840 3263 898 3311 thus
913 3277 965 3310 ern·

45 3320 133 3381 ployed
145 3321 177 3382 by
188 3320 292 3381 Jupiter,
306 3321 423 3382 Megaera
434 3320 580 3389 (Tartarea),
593 3321 692 3383 abrdrng
702 3337 727 3371 rn
737 3320 892 3372 hert-847.
913 3320 967 3370 Uno

45 3382 130 3438 cedern,
144 3395 167 3428 x.
179 3382 233 3439 487,
248 3380 299 3430 Ecl.
311 3380 360 3429 viii.
372 3383 409 3430 81.
417 3383 508 3429 -849,
525 3395 557 3428 vr.
569 3383 621 3429 280.
