2078 3622
444 141 628 182 GEOBGICCN.

138 273 229 328 Durus
239 271 334 326 amori
369 271 477 339 Nempe
489 269 611 341 abruptis
623 269 729 323 turbata
740 268 866 340 procellis

138 344 225 398 Nocte
238 350 311 395 natat
323 357 406 395 caeca
418 357 494 394 serus
506 340 587 407 ireta5
605 356 689 409 quem
701 356 780 407 super
793 339 889 409 ingens
943 342 995 396 260

138 414 218 466 Porta
230 420 304 466 tonat
316 410 393 490 coeli,
407 418 435 463 et
447 409 565 480 scopulis
577 410 647 463 illisa
659 408 807 462 reclamant

138 485 263 552 Aequora
269 498 278 551 ;
293 498 345 535 nec
356 480 448 534 miseri
461 488 570 550 possunt
584 496 707 532 revocare
719 488 852 550 parentes,

138 553 199 606 Nec
211 553 338 606 moritura
350 566 431 620 super
443 549 545 603 crudeli
558 548 653 603 lunare
667 549 748 617 virgo.

138 621 209 682 Quid
224 623 317 692 lynces
329 619 429 674 Bacchi
440 620 539 688 variae,
553 627 580 672 et
610 636 678 673 enus
688 635 751 673 acre
763 616 790 671 lu
827 635 887 674 rum

138 694 174 746 At
195 709 229 745 ne
238 689 436 760 canumlquid,
445 706 515 760 quae
525 637 722 743 imbellesdant
729 704 793 759 proe
805 690 830 742 ia
838 689 930 743 cerril
942 695 993 744 265

138 709 247 815 Scilicet
258 770 321 814 ante
333 760 420 813 omnis
432 759 505 813 furor
517 766 559 811 est
571 760 682 828 insignis
694 775 840 829 equarum3

139 831 173 885 Et
185 840 306 885 mentem
320 830 413 883 Venus
425 831 482 899 ipsa
493 828 575 899 dedit,
589 846 642 898 quo
656 837 777 899 tempore
789 829 887 883 Glauci

139 901 285 954 Potniades
296 899 376 954 malis
388 900 512 953 membra
524 898 700 968 absumpsere
713 898 868 968 quadrigae.

138 970 202 1024 illas
213 970 286 1023 ducit
298 985 373 1023 amor
385 976 458 1022 trans
470 969 589 1038 Gargara
601 977 726 1050 transque
739 977 880 1024 sonantem

137 1040 301 1094 Ascanium:
322 1048 449 1109 superant
462 1039 561 1092 montis
572 1047 599 1092 et
611 1038 725 1092 flumina
736 1047 850 1092 tranant.
941 1044 993 1093 270

138 1110 322 1180 Continuoque
334 1109 421 1162 avidis
433 1108 481 1162 ubi
493 1107 602 1162 subdita
613 1109 726 1162 flamma
737 1108 911 1181 medullis,-

138 1181 209 1234 Vere
222 1181 316 1249 magis,
329 1179 394 1249 quia
406 1195 469 1232 vere
482 1177 554 1232 calor
567 1177 634 1232 redit
646 1178 850 1232 ossibus-illae

138 1251 190 1304 Ore
203 1267 298 1304 omnes
312 1266 406 1302 versae
420 1250 447 1303 in
460 1247 614 1319 Zephyrum
626 1256 697 1301 stant
709 1248 821 1371 ruqibus
832 1249 902 1320 altis,

137 1320 331 1390 Exceptanque
342 1319 411 1372 levis
422 1336 508 1389 auras,
522 1327 550 1371 et
562 1335 642 1388 saepe
655 1318 713 1371 sine
725 1336 742 1372 u
765 1318 788 1371 is

138 1390 282 1460 Coojugiis,
296 1397 376 1442 vento
387 1387 675 1458 gravidae-mirabile
688 1388 798 1442 dictu-
939 1394 990 1444 275

137 1459 207 1512 &xa
218 1477 267 1528 per
279 1468 306 1512 et
319 1459 442 1528 scopulos
453 1467 480 1512 et
492 1458 634 1527 depressas
645 1458 774 1512 convallis

137 1529 392 1598 Diffugiunt,-non,
407 1529 487 1598 Eure,
500 1536 568 1597 tuos,
582 1544 670 1596 neque
682 1526 749 1582 Solis
760 1529 796 1583 ad
808 1540 926 1600 ortus,-

137 1600 167 1652 in
180 1599 283 1652 Borean
296 1598 477 1668 Caurumque‚
489 1607 536 1651 aut
548 1597 620 1651 unde
632 1598 794 1666 nigerrimus
805 1602 906 1654 Auster

137 1668 271 1736 Nascitur,
286 1677 313 1720 et
325 1668 415 1736 pluvio
427 1669 562 1721 contristat
576 1667 672 1735 frigore
685 1667 800 1724 coelum.

136 1738 188 1791 Hic
200 1736 321 1807 demum,
335 1736 512 1807 hippomanes
524 1755 586 1791 uero
599 1737 669 1807 quod
682 1739 789 1792 nomine
801 1738 894 1794 dicunt
939 1746 990 1794 280

137 1808 267 1875 Pastores,
280 1805 384 1859 lentum
396 1806 512 1861 destillat
524 1809 559 1861 ab
572 1807 681 1877 inguine
693 1809 781 1879 virus3

136 1874 328 1955 Hippomanes,
341 1875 412 1944 qnod
426 1893 506 1947 saepe
519 1878 607 1931 malae
620 1878 711 1947 legere
722 1896 863 1951 novercae,

136 1944 359 2025 Miscueruntque
371 1944 470 1999 herbas
481 1958 508 2000 et
519 1964 571 2001 nou
584 1948 690 2001 innoxia
701 1948 792 2005 verba.

172 2014 225 2070 Sed
237 2014 305 2084 fugit
318 2022 427 2086 interea,
440 2014 509 2084 sugit
522 2015 694 2087 irreparabile
706 2026 822 2089 tempus,

137 2084 245 2156 Singula
257 2085 324 2140 dum
336 2086 407 2155 capti
419 2085 661 2140 circumvectamur
672 2104 772 2141 amore.
938 2095 989 2144 285

138 2156 194 2210 Hoc
206 2157 271 2210 satis
283 2156 420 2210 armentis.
457 2155 568 2227 Superat
580 2172 642 2224 pars
653 2156 737 2210 altera
749 2174 839 2228 curae,

137 2226 282 2295 Lanigeros
293 2227 394 2295 agitare
406 2242 502 2294 greges
515 2225 650 2294 hirtasque
662 2225 789 2296 capellas.

137 2294 189 2347 Hic
200 2293 291 2364 labor,
309 2294 372 2348 hinc
384 2293 494 2348 laudem
506 2294 588 2348 sortes
599 2304 704 2364 sperate
717 2295 812 2351 coloni.

137 2364 197 2416 Nec
209 2381 269 2417 sum
280 2364 364 2418 animi
376 2364 481 2434 dubius,
494 2364 584 2417 verbis
595 2380 629 2417 ea
640 2367 748 2419 vincere
761 2383 891 2437 magnum

137 2433 226 2491 Quam
239 2434 281 2503 sit,
296 2441 323 2486 et
335 2433 456 2502 angustis
467 2434 538 2488 hunc
549 2432 649 2487 addere
663 2435 742 2489 rebus
754 2434 900 2509 honorem,
937 2445 990 2494 290

138 2501 191 2556 Sed
203 2519 248 2556 mc
261 2504 385 2557 Parnassi
396 2503 504 2557 deserta
515 2521 564 2574 per
575 2503 658 2558 ardua
669 2503 756 2559 dulcis

136 2573 234 2641 Rapiat
246 2589 335 2642 amor3
356 2571 428 2625 ‘uvat
439 2574 478 2626 ire
489 2573 567 2643 jugis,
581 2589 634 2652 qua
645 2574 720 2629 nulla
730 2575 849 2647 priorum

138 2642 283 2697 Castaliam
296 2590 369 2696 molli
381 2642 530 2697 devertitur
541 2643 626 2696 orbrta
637 2644 715 2698 clivo.

136 2713 224 2781 Nunc,
237 2711 391 2767 veneranda
403 2712 488 2782 Pales,
502 2729 599 2782 magno
612 2731 683 2768 nunc
695 2731 740 2769 ore
752 2715 911 2775 sonandum.

171 2782 313 2854 Incipiens,
327 2783 441 2837 stabulis
452 2783 528 2836 edico
540 2783 567 2835 in
580 2783 705 2838 mollibus
717 2785 829 2841 herbam
937 2793 988 2844 296

136 2852 253 2922 Carpere
264 2854 329 2923 ovis,
343 2853 408 2907 durn
422 2870 485 2906 mox
496 2851 620 2906 frondosa
632 2854 766 2909 reducitur
776 2866 875 2929 aestas,

136 2922 171 2974 Et
183 2923 268 2976 multa
280 2923 374 2976 duram
387 2922 484 2991 stipula
496 2923 651 2994 filicumque
663 2924 737 2978 mani
756 2924 790 2978 lis

137 2990 260 3044 Sternere
272 2991 364 3045 subter
376 2991 496 3061 humum,
510 2991 612 3060 glacies
623 3010 659 3047 ne
672 2943 769 3063 frigida
779 2994 872 3051 laedat

135 3058 220 3112 Molle
232 3077 323 3139 pecus,
337 3060 509 3130 scabiemque
523 3061 590 3115 ierat
603 3063 738 3134 turpisque
751 3064 892 3136 podagras.

136 3129 205 3198 Post,
219 3127 282 3182 hinc
294 3129 436 3199 digressus,
449 3128 530 3200 jubeo
543 3131 692 3186 frondentia
703 3135 792 3204 capris
938 3144 988 3192 30⁰

93 3269 208 3317 ast-299.
225 3266 313 3376 Virfiii
325 3266 386 3338 alter
396 3283 465 3338 some
475 3268 624 3318 introductor
648 3272 767 3339 remarks,
777 3273 846 3335 gives
855 3275 987 3327 directions

64 3324 101 3374 l'or
107 3326 150 3396 the
159 3342 213 3376 care
221 3327 250 3377 of
256 3343 268 3376 s
287 3342 332 3387 sep
341 3332 613 3379 montes—amalr.
656 3331 794 3381 rectionsre
813 3334 864 3383 ard'
904 3346 984 3397 geete,

64 3383 154 3449 purch,
166 3385 204 3448 lor
214 3401 283 3436 some
294 3401 422 3464 purposes,
435 3387 466 3436 he
478 3388 648 3438 recommends
659 3404 685 3438 as
696 3349 832 3449 proterariis
843 3403 870 3442 to
881 3410 894 3443 r
911 3410 966 3457 esp.
