2078 3622
452 138 636 176 Guouurcox.

148 264 268 317 Narcissi
279 263 418 317 lacrimam
431 272 457 315 et
470 263 572 316 lentum
585 265 619 316 de
632 266 731 317 cortice
743 265 842 334 gluten,
953 271 1000 320 1811

149 332 239 385 Prima
252 333 320 385 favis
331 342 431 402 ponunt
445 332 608 401 fundamina,
623 334 721 386 deiude
734 336 836 387 tenacis

149 402 320 471 Suspendunt
332 419 422 467 ceras;
441 401 518 469 aliae,
533 420 607 470 spem
621 406 715 472 geritis,
728 403 833 456 adultos

151 470 276 524 Edncunt
290 472 376 539 fctus,
394 470 463 522 aliae
477 471 618 539 purissima
632 472 712 523 mella

151 540 253 609 Stipant
265 548 292 592 et
305 539 405 609 liquido
417 539 570 591 distcmlunt
585 552 690 592 nectare
704 541 795 593 cellas.

151 608 224 678 Sunt,
239 609 337 678 quibus
347 609 381 661 ad
396 618 484 677 portas
496 609 592 661 cecidit
605 609 724 662 custodia
737 611 808 678 sorti,
953 616 1000 664 185

151 679 235 746 Inque
247 680 336 730 vicem
350 678 521 746 speculantur
533 695 616 746 aquas
629 688 656 730 et
669 679 759 732 nubila
771 679 847 747 caeli,

152 750 205 799 Aut
218 764 298 799 onera
310 747 443 816 accipiunt
455 748 617 816 venientum,
632 756 685 816 aut,
699 749 805 814 agmine
817 748 889 801 facto

151 816 281 882 Ignavum
294 816 368 869 fucos
380 833 463 884 pecus
475 834 492 868 a
503 816 677 885 praesepibus
689 831 796 885 arcent,

152 885 249 937 Fervet
261 902 333 954 opus,
348 885 520 954 redolentque
534 884 626 954 thymo
638 885 781 953 fragrantia
793 885 884 939 mella.

151 955 192 1005 Ac
204 954 294 1023 veluti,
308 953 387 1006 lentis
399 953 530 1032 Cyclopes
543 953 656 1006 fulmina
667 955 766 1007 massis
952 957 1000 1008 170

152 1022 220 1075 Cum
232 1031 380 1102 properant,
393 1023 437 1076 alri
450 1023 560 1074 taurinis
573 1023 680 1076 follibus
691 1041 770 1076 auras

151 1093 293 1162 Accipiunt
306 1091 480 1161 redduntque,
494 1092 538 1144 alii
554 1091 691 1144 stridentia
703 1093 826 1160 tinguant

152 1164 223 1214 Aera
235 1161 311 1228 lacu,
329 1161 412 1229 gemit
425 1160 556 1230 impositis
568 1161 710 1214 incudibus
722 1165 825 1232 Aetna,

152 1230 192 1283 Illi
206 1231 274 1282 inter
286 1247 345 1282 sese
359 1246 456 1298 magna
469 1230 495 1281 vi
507 1228 615 1282 brachia
628 1230 721 1283 tollunt

151 1300 345 1367 Innumeram,
359 1308 518 1368 versantque
532 1299 618 1351 tenaci
631 1297 730 1368 forcipe
743 1299 858 1352 ferrum:
952 1302 999 1354 175

151 1369 210 1422 Non
223 1369 306 1438 aliter,
321 1370 342 1421 si
355 1386 436 1437 parva
449 1368 511 1421 licet
523 1385 682 1437 componere
695 1369 807 1439 magnis,

152 1438 294 1506 Cecropias
307 1438 413 1490 innatus
425 1455 491 1506 apes
503 1453 577 1488 amor
589 1447 683 1505 urguet
697 1437 821 1507 habendi,

151 1507 265 1559 Munere
278 1523 412 1576 quamque
424 1522 480 1559 suo.
517 1505 682 1558 Grandaevis
696 1507 793 1576 oppida
805 1523 894 1576 curae,

151 1575 186 1628 Et
199 1577 303 1628 munire
316 1575 397 1644 favos,
412 1583 438 1627 et
451 1574 564 1627 daedala
576 1575 677 1642 fingere
690 1583 771 1629 tecta.

151 1647 187 1697 At
200 1645 288 1697 fessae
300 1644 386 1696 multa
399 1644 515 1696 referunt
528 1661 557 1695 se
570 1655 647 1696 nocte
661 1645 783 1714 minores,
951 1649 999 1698 180

150 1713 231 1767 Crura
245 1712 337 1782 thymo
350 1712 461 1781 plenae,
481 1723 624 1781 pascuntur
635 1720 663 1764 et
675 1714 770 1766 arbuta
781 1712 882 1783 passim

151 1783 185 1834 Et
197 1782 307 1850 glaucas
319 1783 416 1833 salices
428 1783 583 1850 casiamque
596 1799 757 1851 crocumque
771 1782 914 1836 rubentem

151 1852 185 1904 Et
199 1852 324 1920 pinguem
338 1851 421 1903 tiliam
435 1859 460 1902 et
474 1850 638 1918 fu'rrugineos
650 1849 817 1921 hyacinthos.

149 1921 279 1973 Omnibus
291 1937 343 1973 una
355 1920 432 1989 quies
444 1935 562 1989 operum,
577 1919 649 1972 labor
660 1920 786 1974 omnibus
798 1937 876 1974 unus.

150 1990 233 2042 Mane
247 1998 324 2042 ruunt
337 1990 417 2058 portis
424 2006 431 2057 3
450 2006 582 2057 nusquam
594 2005 669 2042 mora
676 2007 684 2059 5
703 2006 794 2043 rursus
805 1990 918 2044 easdem
950 1994 997 2043 185

149 2059 251 2128 Vesper
263 2058 309 2112 ubi
322 2076 337 2110 e
349 2067 427 2128 pastu
441 2059 551 2111 tandem
563 2057 695 2111 decedere
707 2059 810 2128 campis

149 2128 303 2197 Admonuit,
318 2138 375 2180 tum
388 2136 458 2180 tecta
470 2135 571 2196 petunt,
585 2132 642 2179 turh
654 2144 762 2197 corpora
774 2136 882 2199 curant,

149 2196 191 2250 Fit
204 2198 312 2265 sonitus,
326 2206 500 2265 mussantque
512 2213 571 2248 oras
583 2205 610 2249 ct
622 2197 716 2249 limina
728 2197 839 2250 circum.

149 2267 218 2335 Post,
233 2267 278 2319 ubi
289 2266 345 2335 jam
359 2265 483 2317 thalamis
495 2282 525 2316 se
537 2282 718 2335 composuere,
731 2265 825 2319 siletur

148 2335 178 2387 In
191 2346 304 2403 noctem,
319 2333 457 2403 fessosque
470 2351 547 2404 sopor
558 2351 622 2387 suus
633 2345 746 2404 occupat
757 2343 840 2388 artus.
938 2338 996 2389 ’180

149 2404 208 2457 Neo
219 2420 282 2456 vero
294 2421 310 2455 a
323 2403 443 2473 stabulis,
457 2402 548 2472 pluvia
561 2404 742 2474 impendente,
756 2404 885 2459 recedunt

149 2473 270 2542 Longius,
283 2482 330 2526 aut
342 2471 453 2525 credunt
465 2472 539 2525 coelo
551 2472 758 2526 adventantibus
771 2474 852 2527 Euris
857 2490 867 2544 3

148 2541 199 2593 Sed
213 2542 313 2595 circum
327 2552 399 2594 tutae
412 2541 461 2594 sub
473 2542 615 2595 moenibus
626 2542 699 2595 urbis
710 2551 851 2613 aquantur,

148 2611 337 2680 Excursusque
350 2611 439 2663 brevis
452 2620 561 2679 tentant,
576 2619 602 2663 et
615 2628 697 2680 saepe
710 2611 821 2682 lapillos,
935 2666 937 2671 ,

147 2680 182 2733 Ut
195 2680 309 2749 cymbae
322 2679 467 2749 instabiles,
481 2680 563 2733 fluctu
575 2679 701 2750 jactante,
715 2680 861 2751 saburram,
948 2685 995 2735 198

147 2748 331 2801 Tollunt-his
347 2765 407 2801 sese
420 2767 467 2818 per
479 2749 566 2801 inania
579 2749 670 2802 nubila
682 2749 786 2803 librant.

180 2817 259 2871 Illum
271 2818 339 2871 adeo
350 2818 484 2888 placuisse
495 2819 590 2888 apibus
602 2819 734 2872 mirabere
746 2836 859 2890 morem,

146 2887 221 2944 Quod
234 2905 321 2956 neque
334 2888 476 2941 concubitu
489 2888 634 2956 indulgent,
649 2905 699 2941 nec
711 2905 820 2959 corpora
831 2904 930 2959 segnes

146 2956 174 3007 In
188 2956 322 3009 Venerem
335 2958 447 3025 solvunt,
461 2966 506 3009 aut
519 2955 591 3009 fetus
603 2958 709 3011 nixibus
721 2958 820 3027 edunt,

144 3024 246 3076 Verum
259 3025 332 3092 ipsae
346 3043 360 3077 e
374 3027 443 3078 foliis
455 3035 531 3078 natos
543 3035 570 3078 et
583 3027 711 3080 suavibus
723 3026 813 3080 herbis
944 3032 995 3083 ²00

144 3093 195 3146 Ore
207 3093 307 3162 legunt,
321 3095 395 3163 ipsae
409 3111 500 3162 regem
512 3112 660 3164 parvosque
674 3096 791 3155 Quirites

105 3213 158 3263 178,
173 3213 224 3258 179.
243 3209 298 3256 The
315 3210 387 3316 W‘fflss
401 3210 429 3278 of
441 3210 567 3316 thehaged.
577 3216 730 3260 -180-188.
748 3212 804 3261 The
820 3214 892 3283 work
907 3214 937 3265 of
950 3214 995 3275 tha

73 3271 1000 3446 ffipigl⁸lhl⁹lhatllsl¹5‘ri-llll&'illl'llliflfffilh'ff
1018 3312 1038 3403 2,

211 3402 223 3434 ς
964 3408 970 3421 ·
992 3408 1015 3425 -.
