2078 3622
449 193 541 234 trualt
561 196 580 234 1.

125 327 192 380 Tros
203 325 355 396 Tyriusque
367 323 433 376 mihi
446 323 518 375 nullo
530 323 684 375 discrimine
701 331 804 390 agetur.

126 400 161 450 At
182 414 216 449 ue
230 396 332 448 utinam
345 411 392 445 rex
405 394 461 461 ipse
473 394 543 445 Noto
555 392 711 461 compulsus
724 393 821 445 eodem

126 415 238 519 Adloret
250 465 373 518 Aeneas!
395 463 528 531 Equidem
541 480 589 531 per
601 462 677 514 litora
689 470 776 514 certos

126 537 267 589 Dimittam
280 544 306 586 et
320 533 421 602 Libyae
434 531 546 584 lustrare
559 540 680 584 extrema
692 531 802 601 jubebo,

126 605 152 658 Si
164 605 263 673 quibus
275 603 378 672 ejectus
391 602 464 653 silvis
476 610 523 653 aut
535 602 645 654 urbibus
657 604 744 653 errat.²

161 676 209 727 His
221 675 343 726 animum
355 671 456 723 adrecti
468 672 548 723 dictis
559 680 586 723 et
598 671 672 723 sortis
684 672 804 724 Achates

126 744 161 798 Et
209 751 249 795 ter
261 746 368 795 Aeneas
379 740 540 809 jamdudum
552 757 692 809 erumpere
705 741 806 793 nubem

126 819 163 866 Ar
183 813 272 865 ebant.
309 812 380 864 Prior
393 813 505 864 Aenean
517 810 660 879 compellat
672 811 808 863 Achates:

129 884 211 935 ‘Nate
224 881 283 950 dea,
297 896 367 949 quae
379 897 450 932 nuno
461 880 550 932 animo
563 881 694 932 sententia
706 881 809 949 surgitl

127 953 223 1004 Omnia
235 959 294 1002 tuta
305 950 389 1018 vides,
403 949 518 1002 classem
531 950 671 1018 sociosque
684 959 813 1018 receptos.

127 1022 202 1074 Unus
214 1021 298 1089 abest,
311 1019 401 1072 medio
414 1020 441 1071 in
454 1020 537 1071 fluctu
550 1036 633 1087 quem
645 1019 763 1072 vidimus
776 1020 826 1087 ipsi

128 1091 315 1158 Submersum3
334 1089 413 1141 dictis
425 1088 585 1158 respondent
597 1096 687 1140 cetera
699 1088 811 1141 matris.²
926 1094 977 1142 585

127 1161 179 1213 Vix
191 1177 224 1212 ea
237 1159 308 1211 satus
320 1167 383 1226 erat,
397 1176 460 1211 cum
473 1157 637 1211 circumfusa
648 1167 757 1226 repente

128 1229 227 1283 Scindit
241 1246 271 1282 so
283 1228 369 1281 nubes
381 1236 408 1280 et
420 1228 447 1279 in
460 1227 569 1280 aethera
581 1234 676 1296 purgat
687 1235 819 1296 apertum.

128 1300 232 1352 Restitit
244 1300 353 1351 Aeneas
364 1297 489 1365 claraque
502 1298 527 1349 in
541 1297 601 1349 luce
614 1296 725 1364 refulsit,

129 1370 164 1421 Os
176 1369 356 1436 humerosque
368 1367 420 1419 deo
433 1366 546 1435 similis,
564 1382 683 1433 namque
696 1366 755 1433 ipsa
766 1364 893 1419 decoram

129 1438 281 1491 caesariem
294 1446 355 1488 nato
366 1437 489 1504 genetrix
501 1436 647 1503 lumenque
658 1434 786 1503 juventae
927 1440 978 1488 59]

129 1508 296 1576 Purpureum
308 1513 336 1559 et
348 1505 432 1558 laetos
444 1505 529 1559 oculis
541 1505 653 1557 adflarat
665 1503 793 1557 bonores:

129 1576 214 1634 Quale
225 1593 323 1628 manus
334 1575 436 1628 addunt
449 1574 522 1627 ebori
533 1575 624 1642 decus,
637 1582 684 1626 aut
696 1573 742 1626 ubi
754 1574 824 1626 flavo

130 1649 276 1714 Argentum
290 1645 417 1698 Pariusve
429 1643 498 1713 lapis
510 1643 691 1697 circumdatur
702 1660 775 1696 auro.

130 1716 201 1768 Tum
213 1716 252 1767 sie
264 1716 384 1783 reginam
395 1714 553 1784 adloquitur,
567 1714 725 1783 cunctisque
738 1722 849 1783 repente

129 1785 292 1854 Improvisus
307 1786 361 1837 ait:
382 1785 498 1853 ‘Coram‚
511 1802 593 1853 quem
605 1783 740 1853 quaeritis,
752 1784 858 1853 adsum,
930 1786 980 1834 595

129 1855 226 1907 Troius
237 1856 353 1925 Aeneas,
367 1854 477 1922 Libyeis
489 1862 598 1923 ereptus
609 1853 644 1905 ab
657 1853 744 1906 undis.

130 1925 152 1977 Ο
164 1924 221 1976 sola
232 1922 355 1976 infandos
367 1923 462 1993 Trojae
474 1924 600 1976 miserata
612 1922 723 1991 labores,

130 1994 206 2051 Quae
219 2010 274 2061 nos,
288 1992 413 2062 reliquias
425 1994 556 2060 Danaum,
570 2000 710 2060 terraeque
724 1992 858 2060 marisque

130 2063 260 2116 Omnibus
272 2062 417 2115 exhaustos
427 2061 485 2131 jam
496 2062 610 2127 casibus,
623 2060 743 2113 omniurn
755 2077 864 2129 egenos,

130 2132 211 2202 Urbe,
224 2131 303 2184 domo
316 2132 409 2201 socias,
422 2138 511 2201 grates
522 2130 674 2200 persolvere
687 2129 781 2197 dignas
930 2134 982 2182 600

130 2202 190 2254 Non
203 2202 261 2270 opis
273 2209 314 2254 est
326 2210 438 2271 nostrae,
452 2201 526 2270 Dido,
539 2216 591 2253 neo
602 2198 732 2269 quidquid
745 2198 844 2268 ubique
856 2206 899 2252 est

130 2271 225 2324 Gentis
236 2270 394 2341 Dardaniae,
407 2287 537 2339 magnum
548 2286 618 2339 quae
631 2286 724 2340 sparsa
735 2285 784 2339 per
794 2269 898 2323 orbem.

61 2417 229 2487 unexpressed
243 2418 269 2465 in
284 2418 325 2466 the
341 2417 442 2465 relative
458 2418 540 2465 clauso
549 2436 555 2464 e
565 2434 647 2485 'quam
662 2427 753 2475 statuo,
766 2421 825 2467 urbs
836 2430 919 2469 vestra
933 2430 980 2469 est.

61 2476 125 2525 'l'hrs
136 2494 157 2526 rs
168 2478 210 2525 the
226 2488 291 2547 most
307 2492 421 2525 common
436 2486 611 2525 construction.
641 2481 664 2524 2.
682 2478 737 2525 The
753 2480 907 2528 substantive
923 2494 981 2540 may

60 2538 91 2585 be
102 2536 237 2605 expressed
247 2552 272 2585 m
282 2536 342 2585 both
349 2536 463 2604 ,clansesg
482 2551 555 2595 qaam
566 2538 651 2611 urbem
662 2547 752 2593 statuo.
764 2548 846 2605 vestra
856 2541 914 2588 urbs
930 2548 978 2595 est,

60 2594 369 2723 ltztttlttlzltlt
385 2595 980 2722 lttttfft„illltttl’ttlt'lrs‘tttlttt

59 2714 153 2770 clauso,
166 2714 208 2761 tlre
224 2714 325 2762 relative
341 2728 440 2774 coming
455 2713 523 2761 first:
541 2728 615 2772 quam
631 2716 717 2761 urbem
733 2724 823 2769 statuo,
835 2726 919 2763 vestra
933 2726 979 2763 eat.

58 2778 82 2821 4.
99 2773 181 2821 Asin
198 2774 239 2821 the
251 2773 316 2821 third
327 2772 435 2827 method.
449 2772 490 2819 the
507 2772 608 2819 relative
625 2772 722 2832 coming
741 2772 795 2819 last.
828 2772 893 2820 Both
909 2772 980 2821 these

59 2830 108 2881 last
119 2848 160 2881 are
171 2848 231 2881 rare.
259 2832 288 2879 In
299 2832 348 2879 this
359 2831 406 2879 and
416 2831 509 2879 similar
520 2830 651 2887 metenses,
664 2831 706 2877 the
717 2832 893 2878 circumstance
904 2832 980 2881 ot'tha

59 2892 214 2940 substantive
225 2892 305 2939 eomin
334 2890 385 2938 first
397 2906 478 2938 seems
490 2898 516 2936 to
527 2888 632 2937 demand
648 2890 766 2936 attention
777 2900 802 2937 to
814 2890 855 2937 the
866 2892 979 2939 substau-

58 2952 125 2999 tias:
145 2951 216 2998 ‘'I'he
227 2951 277 3009 city
285 2907 365 2997 wlrich
377 2948 389 2996 I
400 2965 440 3033 apn
451 2949 638 3008 reuring-even
649 2948 785 3031 ill-⁵⁷⁶·
806 2948 896 3020 Germa,
904 2949 980 3021 ¹fidos.

58 3007 981 3134 atttrrtttrfistratatttnnmtitrlrttttet

57 3130 152 3177 -591.
163 3126 324 3189 Purpureum.
356 3126 403 3173 See
415 3125 467 3173 Ecl.
480 3140 512 3172 rx.
523 3129 560 3172 ta.
569 3155 599 3163 -
607 3128 659 3172 593.
671 3125 772 3174 Parius.
800 3127 876 3175 Paros
887 3143 939 3175 was
950 3142 981 3175 arr

59 3185 140 3236 island
154 3186 184 3235 os
195 3187 237 3234 the
256 3185 386 3246 Cyclades,
400 3183 538 3231 celebrated
552 3183 631 3232 forits
649 3185 775 3246 sparkling
791 3187 892 3233 marble.
924 3186 981 3234 Th·

58 3246 212 3317 comparison
228 3246 249 3295 is
265 3248 376 3293 between
389 3246 488 3290 Aeneas
505 3243 551 3290 and
567 3244 605 3291 his
622 3244 746 3291 increased
763 3247 862 3303 beauty,
875 3242 922 3291 and
938 3243 980 3291 the

59 3304 167 3355 brilliant
177 3304 263 3352 effecta
274 3304 395 3363 produced
407 3304 439 3361 by
448 3303 541 3350 artistic
551 3302 609 3349 skill
620 3318 652 3349 on
663 3304 739 3361 ivery,
750 3303 832 3361 silver.
843 3317 870 3349 or
878 3301 979 3351 marble.

58 3364 236 3447 -flot'opia
250 3364 298 3410 &e
331 3364 355 3410 A
367 3360 475 3421 singular
485 3362 635 3418 expression,
649 3361 788 3419 eqnivnlcat
806 3372 831 3407 te
845 3366 907 3409 ‘nou
922 3374 978 3423 pan·

58 3440 154 3473 stamus.

168 3500 196 3547 ts
505 3510 521 3543 nr
