2078 3622
421 141 603 181 Gsoaolcoa.

123 270 165 322 Tu
177 284 291 337 quoque,
304 284 402 335 magna
413 267 498 336 Pales,
512 276 540 320 et
553 276 579 319 te
591 265 772 336 memorande,
786 282 924 338 memus,

123 339 215 390 Pastor
226 338 261 390 ab
273 337 434 405 Amphryso,
448 353 501 404 vos,
516 336 600 389 silvae
612 353 761 406 amnesque
774 336 884 405 Lycaei.

122 408 225 475 Cetera,
238 423 308 475 quae
322 422 421 457 vacuas
433 406 581 458 tenuissent
593 406 712 457 carmine
724 414 837 473 mantes,

123 475 219 528 Omnia
230 475 286 544 jam
300 474 414 542 vulgata.
451 474 516 532 Quis
528 483 573 526 aut
586 473 737 542 Eurysthea
750 475 855 543 durum,

123 550 177 597 Aut
189 544 307 595 illaudati
325 545 410 595 nescit
423 543 552 595 Busiridis
563 544 642 596 arasl
956 547 971 596 li

122 613 173 665 Cui
185 630 236 665 uon
248 613 336 664 dictus
348 613 432 680 Hylas
443 629 516 680 puer,
530 621 557 664 et
570 612 680 664 Latonia
692 611 779 680 Delos,

123 682 353 751 Hippodameque,
367 681 532 749 humeroque
545 681 641 751 Pelops
653 681 764 748 insignis
776 680 883 750 eburno,

123 755 195 804 Acer
207 751 302 819 equis?
339 751 479 802 Tentanda
492 751 534 801 via
545 759 595 817 est,
608 768 661 819 qna
672 767 717 802 me
729 767 836 819 quoque
847 751 947 819 possim

123 820 228 872 Tollere
241 819 331 888 humo,
345 820 482 888 victorque
495 821 582 872 virum
594 820 703 871 volitare
717 836 764 888 per
776 835 830 870 ora.

124 889 230 941 Primus
242 904 291 954 ego
304 889 330 940 in
361 890 456 941 atriam
470 905 586 957 mecum,
600 888 679 940 modo
691 888 746 940 vita
759 888 882 958 supersit,
942 893 972 940 10

123 959 208 1011 Aonio
221 957 327 1009 rediens
339 906 472 1010 «ieducam
485 958 587 1010 vertice
600 958 695 1010 Musas
702 973 710 1024 ;

125 1027 232 1080 Primus
243 1026 386 1079 Idumaeas
399 1026 513 1079 reseram
527 1026 581 1095 tibi,
594 1027 715 1094 Mantua,
729 1025 848 1094 palmas;

123 1097 158 1150 Et
169 1095 248 1148 viridi
261 1096 285 1147 in
299 1113 395 1164 campo
408 1096 538 1165 templum
551 1096 586 1147 de
598 1112 731 1148 marmore
743 1111 841 1164 ponam

123 1166 233 1235 Propter
243 1181 350 1233 aquarn,
365 1165 445 1216 tardis
458 1166 551 1232 ingens
562 1165 607 1218 ubi
619 1164 735 1217 flexibus
746 1172 815 1216 errat

123 1235 249 1302 Mincius,
263 1243 289 1286 et
303 1243 394 1286 tenera
406 1234 536 1302 praetexit
547 1233 677 1286 arundine
689 1234 768 1302 ripas.
942 1237 972 1285 15

122 1305 153 1356 In
165 1303 254 1356 medio
267 1303 334 1356 mihi
347 1304 444 1356 Caesar
457 1303 513 1370 erit,
528 1302 713 1371 templumque
726 1301 838 1354 tenebit.

123 1373 165 1425 Illi
176 1373 260 1424 victor
271 1390 321 1441 ego
333 1381 360 1425 et
373 1373 452 1440 Tyrio
465 1381 624 1440 conspectus
636 1371 661 1423 in
674 1379 744 1422 ostro

123 1442 237 1494 Centum
249 1442 420 1511 quadrijugos
431 1441 537 1510 agitabo
549 1441 583 1492 ad
596 1440 707 1492 flumina
719 1455 819 1492 currus.

122 1510 224 1562 Cuncta
236 1511 310 1580 mihi,
324 1512 461 1579 Alpheum
472 1511 596 1579 linquens
608 1509 736 1578 lucosque
749 1507 889 1577 Molorchi,

121 1579 248 1631 Cursibus
260 1588 286 1631 et
299 1580 379 1632 crudo
392 1579 518 1632 decernet
530 1579 644 1632 Graecia
655 1587 749 1631 caestu
756 1594 764 1645 3
939 1580 973 1629 20

122 1648 190 1716 lpse,
205 1657 284 1716 caput
296 1657 388 1700 tonsae
400 1648 470 1700 soliis
481 1659 588 1700 ornatus
600 1648 696 1716 olivae,

121 1717 197 1769 Dona
208 1717 303 1770 feram.
338 1717 399 1770 iam
412 1734 482 1769 nunc
494 1716 631 1769 sollemnis
642 1716 741 1769 ducere
754 1731 866 1784 pompas

121 1786 165 1838 Ad
177 1785 290 1838 delubra
299 1786 382 1855 juvat,
396 1803 542 1855 caesosque
555 1785 647 1838 ridere
658 1785 803 1854 juvencos,

121 1854 173 1905 Vel
185 1871 283 1907 scaena
294 1862 323 1907 ut
336 1856 420 1908 versis
431 1855 553 1908 discedat
565 1854 702 1925 frontibus,
715 1863 798 1923 utque

122 1923 175 1975 Pur
193 1940 258 1976 urea
270 1924 363 1978 intexti
375 1924 467 1978 tollant
478 1924 574 1977 aulaea
585 1924 714 1977 Britanni.
938 1927 971 1975 25

122 1992 152 2044 In
175 1991 265 2046 oribus
276 2011 394 2062 pugnam
407 2011 442 2047 ex
452 2011 516 2047 auro
529 1993 666 2062 solidoque
678 1991 820 2061 elephanto

122 2062 306 2130 Gangaridum
318 2063 424 2132 faciam,
437 2064 597 2132 victorisque
609 2078 685 2115 arma
696 2061 817 2130 Quirini,

122 2132 212 2200 Atque
225 2131 269 2184 hic
281 2133 428 2186 undantem
440 2132 511 2184 bello
523 2147 706 2200 magnumque
719 2131 851 2183 fluentem

121 2199 223 2269 Nilum,
236 2218 269 2253 ac
281 2202 371 2255 navali
383 2209 522 2268 surgentes
533 2216 596 2253 aere
606 2199 755 2252 columnas.

123 2269 231 2322 Addam
243 2270 323 2323 urbes
335 2271 417 2323 Asiae
429 2268 551 2337 domitas,
564 2267 726 2337 pulsumque
739 2266 885 2338 Niphaten,
938 2272 972 2320 30

121 2337 318 2406 Fidentemque
331 2339 395 2407 fuga
406 2337 535 2390 Parthum
547 2335 685 2404 versisque
698 2335 808 2406 sagittis,

122 2406 157 2459 Et
169 2406 222 2459 duo
235 2416 310 2476 rapta
321 2424 404 2461 manu
416 2406 520 2458 diverso
533 2422 568 2459 ex
579 2405 656 2457 hoste
669 2413 784 2475 tropaea,

122 2475 221 2544 Bisque
235 2476 410 2545 triumphatas
423 2483 534 2543 utroque
545 2474 581 2528 ab
592 2473 668 2527 litore
680 2475 777 2543 gentis.

121 2544 232 2598 Stabunt
245 2553 272 2596 et
283 2546 354 2598 Parii
367 2544 477 2614 lapides,
492 2544 618 2613 spirantia
630 2544 713 2613 sigua,

121 2613 248 2666 Assaraci
261 2614 354 2684 proles,
368 2613 556 2681 demissaeque
568 2612 603 2666 ab
614 2613 681 2666 Jove
693 2612 781 2682 gentis
939 2615 973 2665 35

120 2681 245 2762 Nomina,
259 2684 377 2753 Trosque
390 2700 487 2753 pareus
498 2692 525 2735 et
537 2681 631 2752 Troiae
644 2682 775 2753 Cynthius
787 2689 887 2736 auctor.

121 2751 225 2805 Invidia
237 2753 329 2806 rnfelix
341 2753 436 2807 Furias
447 2769 613 2822 amnemque
625 2769 749 2805 severum
971 2758 973 2762 “

121 2821 213 2890 Cocyti
225 2831 336 2894 metuet,
350 2832 485 2892 tortosque
497 2822 594 2875 Ixionis
605 2821 700 2890 anguis

120 2890 327 2965 immanemque
339 2903 432 2961 rotam,
446 2899 473 2944 et
485 2908 538 2944 non
549 2889 736 2960 exsuperabile
748 2904 853 2943 saxum.

81 3023 133 3069 1-8.
151 3019 195 3067 Vir
213 3020 229 3068 il
249 3021 387 3068 introduces
405 3019 443 3066 his
460 3018 683 3077 subject-horsea,
701 3033 772 3075 oxea,
790 3017 876 3078 sheep,
922 3028 970 3075 ets,

50 3079 98 3128 sud
109 3036 235 3139 dege-by
248 3079 391 3138 addressing
407 3077 488 3132 Pales,
502 3077 544 3144 the
560 3077 666 3136 goddess
682 3076 710 3125 os
721 3076 865 3146 shepherds,
878 3033 972 3146 libello

51 3137 151 3196 (Pastor
160 3139 188 3184 ab
199 3136 349 3205 Amphryso).
363 3136 410 3184 aud
421 3135 535 3191 Arcadia,
549 3136 596 3183 aud
607 3138 640 3195 by
650 3151 775 3194 expressrn
801 3135 839 3183 hrs
850 3145 972 3185 intention

51 3207 76 3246 to
87 3197 150 3245 shun
161 3195 202 3243 the
214 3197 306 3254 mythic
317 3195 413 3242 themes
421 3193 449 3241 of
456 3194 567 3254 ordinary
575 3196 765 3253 poeta-9-39.
806 3210 819 3242 e
831 3195 852 3243 is
862 3205 888 3243 to
896 3194 971 3245 make

50 3255 154 3304 Mantua
165 3255 296 3302 renowned
307 3253 344 3301 for
354 3254 487 3312 producing
497 3269 511 3300 a
522 3264 587 3312 poet,
601 3253 667 3308 who,
679 3253 811 3301 victorious
823 3252 849 3300 in
857 3252 901 3302 the
912 3269 960 3304 con

51 3323 99 3362 test
110 3314 138 3362 of
149 3314 245 3375 genius,
259 3313 322 3362 shall
333 3313 453 3360 celebrate
465 3313 490 3359 in
500 3327 569 3373 song,
582 3311 630 3360 arrd
639 3311 698 3379 with
709 3311 780 3360 sostal
791 3326 885 3372 gemes,
898 3312 970 3364 aud!

51 3373 132 3423 votive
142 3372 243 3433 temple,
257 3373 298 3421 the
308 3373 400 3433 praises
411 3371 439 3420 of
447 3370 546 3420 Cacsar.
880 3377 883 3384 ’
