2086 3622
447 183 539 223 utuutt
558 183 601 222 Xl.

126 310 310 381 Tyrrhenique
323 309 414 380 docete,
428 309 596 380 Tyrrhenum
610 309 744 362 exercitus
755 309 851 363 omnis.

126 381 228 450 Magna
239 389 347 449 tropaea
359 379 455 448 ierunt,
469 397 536 448 quos
547 379 594 432 dat
606 387 651 431 tua
664 377 774 431 dextera
786 378 839 431 leto
846 395 855 448 3

125 450 167 504 Tu
180 467 285 520 quoque
298 466 368 501 nune
381 459 465 502 stares
477 449 603 502 immanis
615 457 724 501 truncus
735 449 761 501 in
774 449 864 518 armis,

126 520 206 572 Esset
218 537 266 589 par
278 528 354 571 aetas
366 527 393 570 et
405 518 478 570 idem
490 519 513 570 si
525 518 603 571 robur
614 517 649 571 ab
660 518 744 585 annis,

125 589 223 642 Turne.
259 588 311 642 Sed
323 587 416 640 infelix
428 589 546 640 Teucros
558 587 622 656 quid
634 587 755 640 demoror
767 586 870 641 armis?
926 591 976 642 175

125 658 222 711 Vadite
237 667 264 710 et
276 657 344 710 haec
355 673 490 710 memores
502 656 558 724 regi
570 657 696 710 mandata
710 656 820 710 referte:

125 727 202 785 Quod
214 728 299 781 vitam
311 743 397 778 moror
410 727 532 794 invisam,
547 725 666 778 Pallante
680 734 827 796 perempto,

124 797 240 848 Dextera
252 813 334 848 eausa
346 804 392 847 tua
404 803 453 864 est,
467 795 585 847 Turnum
598 803 713 863 natoque
725 797 847 866 patrique

124 865 211 922 Quam
224 865 322 918 debere
335 863 419 916 vides.
455 865 562 917 Meritis
574 873 651 916 vacat
665 864 708 916 hic
721 866 769 918 tibi
782 865 854 920 solus

124 934 310 1003 Fortunaeque
322 935 403 986 locus.
439 935 499 988 Non
513 935 583 986 vitae
595 933 693 1001 gaudia
705 951 822 1005 quaero3
924 937 975 987 180

124 1004 183 1057 Νο0
195 1005 235 1056 sas
243 1021 250 1072 3
269 1004 316 1056 sed
329 1013 390 1055 nato
402 1004 493 1057 Manis
504 1003 620 1073 perferre
634 1003 683 1055 sub
696 1004 783 1057 imos.’

158 1079 259 1126 Aurora
272 1074 373 1125 interea
385 1074 491 1126 miseris
503 1073 659 1126 mortalibus
670 1073 771 1126 almam

125 1142 263 1194 Extulerat
276 1142 373 1211 lucem,
387 1143 506 1194 reserens
517 1159 597 1210 opera
609 1151 689 1209 atque
703 1142 822 1195 labores:

123 1212 182 1263 Jam
196 1222 270 1280 pater
283 1215 398 1279 Aeneas,
410 1210 466 1280 jam
480 1228 559 1263 curvo
573 1212 599 1262 iu
611 1211 685 1263 litore
698 1211 818 1263 Tarchon

123 1281 287 1332 Constituere
300 1296 388 1348 pyras.
426 1282 484 1332 Huc
497 1296 605 1349 corpora
617 1280 729 1348 quisque
743 1297 852 1333 suorum
924 1286 973 1335 185

123 1349 200 1400 More
212 1349 297 1401 tulere
310 1357 430 1417 patrum,
449 1349 630 1417 subjectisque
643 1349 749 1416 ignibus
760 1349 824 1402 atris

123 1418 248 1470 Conditur
260 1418 286 1471 in
301 1418 426 1470 tenebras
436 1418 521 1470 altum
534 1419 648 1485 caligine
661 1419 776 1471 coelum.

123 1487 176 1538 Ter
188 1487 289 1540 circum
301 1505 435 1556 accensos,
449 1487 529 1539 cincti
540 1487 704 1554 fulgentibus
716 1488 805 1558 armis,

53 1619 55 1623 ¹
124 1556 272 1609 Decurrere
285 1573 376 1625 rogos,
395 1567 435 1610 ter
447 1566 581 1610 moestum
595 1557 696 1609 funeris
708 1557 799 1624 ignem

124 1625 283 1679 Lustravere
296 1627 322 1678 in
335 1627 419 1695 equis,
433 1626 604 1696 ululatusque
616 1642 661 1678 ore
674 1625 782 1679 dedere.
926 1632 974 1680 190

124 1695 259 1763 Spargitur
271 1706 297 1748 et
311 1695 391 1748 tellus
402 1696 526 1765 lacrimis,
541 1706 698 1766 sparguntur
711 1705 738 1748 et
750 1714 833 1750 arma.

123 1764 147 1815 lt
159 1765 233 1817 coelo
246 1766 399 1834 clamorque
411 1765 498 1818 virum
510 1765 671 1834 clangorque
685 1766 817 1819 tubarum.

123 1833 192 1885 Hine
205 1835 250 1885 alii
263 1834 348 1903 spolia
360 1834 455 1886 oooisis
466 1835 577 1903 derepta
589 1834 690 1886 Latinis

124 1901 274 1970 conjiciunt
288 1903 348 1972 igni,
360 1901 453 1970 galeas
465 1919 597 1971 ensesque
609 1903 720 1954 decoros

125 1970 264 2038 Frenaque
277 1971 458 2040 feruentisque
472 1981 540 2024 rotas
548 1988 555 2039 3
575 1989 635 2039 pars
649 1989 760 2024 munera
772 1985 841 2042 nota,
926 1977 974 2026 195

126 2041 245 2108 ipsorum
258 2041 359 2110 clipeos
371 2049 398 2092 et
410 2057 461 2093 non
475 2040 565 2092 felicia
578 2041 639 2092 tela.

124 2109 213 2160 Multa
226 2109 306 2162 boum
318 2110 389 2162 circa
401 2119 551 2162 mactantur
563 2126 671 2178 corpora
683 2110 771 2179 Morti,

124 2177 308 2247 Setigerosque
321 2196 384 2231 sues
396 2190 537 2246 raptasque
550 2196 583 2230 ex
596 2179 720 2230 omuibus
732 2179 801 2248 agris

124 2248 153 2298 ln
167 2248 306 2300 flammam
317 2247 439 2317 jugulant
452 2249 579 2317 pecudes.
615 2249 685 2300 Tum
698 2249 773 2300 litore
786 2257 839 2306 toto

125 2316 250 2368 Ardentis
262 2327 383 2384 spectant
396 2317 488 2385 socios,
503 2318 684 2386 semiustaque
697 2328 802 2371 servant
925 2324 975 2372 200

126 2385 214 2453 Busta,
230 2403 317 2455 neque
329 2386 408 2438 avelli
421 2395 538 2454 possunt,
552 2404 603 2438 nox
617 2386 725 2439 humida
739 2385 826 2441 donee

126 2455 234 2508 Inuertit
247 2457 351 2508 coelum
365 2455 450 2508 stellis
461 2455 618 2508 ardentibus
629 2466 731 2525 aptum.
762 2472 778 2500 ⁰

159 2526 218 2577 Nec
231 2526 318 2578 minus
331 2533 357 2578 et
369 2525 467 2594 miseri,
481 2524 586 2577 diversa
598 2526 624 2578 in
637 2536 720 2595 parte,
734 2525 820 2594 Latini

125 2594 283 2647 Innumeras
295 2604 413 2647 struxere
425 2611 506 2664 pyras
514 2611 521 2663 3
540 2604 567 2646 et
579 2611 687 2664 oorpora
699 2596 794 2664 partim

126 2662 215 2714 Multa
227 2664 315 2715 virum
328 2672 413 2715 terrae
426 2663 564 2730 infodiunt,
578 2673 727 2732 avectaque
741 2665 837 2732 partim
925 2669 976 2719 205

127 2731 267 2783 Finitimos
279 2731 371 2783 tollunt
384 2732 411 2784 in
424 2748 508 2799 agros,
522 2732 634 2800 urbique
648 2733 801 2800 remittunt3

126 2800 228 2868 Cetera,
242 2799 368 2851 confusae
390 2817 423 2851 ue
437 2801 574 2868 ingentem
586 2799 678 2853 caedis
689 2817 817 2854 acervum

127 2869 186 2921 Neo
198 2884 309 2921 numero
321 2885 371 2920 nec
403 2885 480 2920 onore
493 2877 630 2937 cremant3
648 2879 712 2921 tuno
724 2870 843 2940 undique
855 2871 924 2924 vasti

127 2938 254 2990 Certatim
267 2937 367 2990 crebris
377 2937 510 2990 collucent
522 2937 628 3005 ignibus
638 2938 703 3006 agri.

127 3007 218 3059 Tertia
229 3007 275 3059 lux
286 3006 405 3074 gelidam
417 3006 491 3059 coelo
503 3005 650 3059 dimoverat
663 3006 803 3061 umbram:
924 3016 975 3065 210

127 3077 281 3129 Moe'rentes
294 3075 378 3129 altum
390 3077 507 3128 cinerem
521 3085 547 3128 et
559 3076 670 3129 confusa
682 3078 795 3130 ruebant

88 3225 140 3273 172.
174 3219 279 3284 Thopoeo
293 3221 400 3270 virorum
415 3238 519 3282 0000-
528 3225 578 3269 181.
609 3221 723 3285 Ρεςίοννο
738 3225 852 3274 nuncium
867 3226 976 3279 occisum

57 3280 343 3333 *stomoma-186.
378 3279 464 3329 Tulere
478 3297 503 3328 co
532 3299 581 3337 oro,
595 3283 695 3343 quisque
709 3282 788 3331 serens
805 3300 905 3345 corpora
919 3304 975 3335 suo·

57 3343 217 3391 noa-200.
248 3339 377 3396 Semiusta,
398 3340 466 3388 three
487 3340 708 3400 nubles-202.
740 3341 850 3392 invertit,
882 3345 929 3394 See
951 3357 976 3396 ut

58 3399 85 3451 ti.
95 3402 244 3449 asu-ml.
260 3397 348 3456 Ram,
361 3409 387 3448 to
398 3408 507 3460 seperate
518 3401 551 3460 by
563 3400 657 3462 tossiog
667 3415 732 3450 over.
758 3401 805 3451 Sos
816 3413 840 3452 at
852 3403 868 3452 i.
879 3408 918 3465 3⁵,
929 3415 976 3456 and
