2086 3622
420 174 512 214 LlBER
533 174 585 214 vu.

112 303 147 356 Et
160 301 269 354 Cereale
282 300 367 355 solum
379 302 465 372 pomis
476 301 625 371 agrestibus
636 307 744 368 augent.

110 372 279 440 Consumptis
290 370 334 423 hic
348 371 414 423 sorte
426 371 493 439 aliis,
507 381 536 423 ut
548 379 652 422 vertere
666 386 769 422 morsus

113 440 247 507 Exiguam
258 441 285 492 in
298 441 423 492 Cererem
435 441 546 508 penuria
558 440 648 506 adegit
661 439 766 508 edendi,

112 509 147 560 Et
158 509 257 561 violare
269 526 351 562 manu
363 510 493 577 malisque
506 509 652 560 audacibus
663 508 757 561 orbem

111 577 212 630 Fatalis
224 579 310 647 crusti,
324 579 421 646 patulis
433 595 483 630 nec
496 594 603 646 parcere
615 577 737 645 quadris:
909 582 957 630 11⁵

114 647 201 699 ‘Heus
222 649 302 700 etiam
315 664 423 699 mensas
437 646 620 699 consumimus
630 645 647 698 l'
668 647 752 715 inquit
764 645 853 716 Iulus,

109 715 134 767 N
137 731 168 766 ec
180 687 254 784 plura
266 716 395 768 alludens.
435 717 475 768 Ea
487 732 538 767 vox
549 715 640 768 audita
652 715 773 768 laborum

110 784 199 835 Prima
212 786 270 836 tulit
282 785 372 853 finem,
386 785 553 854 primamque
566 783 697 852 loquentis
708 785 743 837 ab
754 801 800 838 ore

110 852 215 921 Eripuit
227 863 309 921 pater,
323 871 355 905 ac
367 854 533 921 stupefactus
544 854 654 904 numine
687 854 770 906 ressit.

110 922 244 990 Continuo,
261 923 354 975 ‘Salve
367 922 429 974 latis
440 923 508 975 mihi
520 922 611 974 debita
624 870 723 990 Tellus,
908 927 956 975 120

109 990 233 1059 Vosque,'
247 992 290 1060 ait,
306 994 335 1043 ‘o
348 991 394 1044 fidi
406 991 500 1061 Trojae
512 992 613 1044 salvete
627 991 755 1044 Penates:

109 1060 158 1110 Hic
171 1060 273 1128 domne,
286 1061 354 1112 haec
366 1061 449 1182 patria
462 1071 510 1113 est.
547 1060 656 1113 Genitor
668 1060 733 1112 mihi
747 1060 809 1112 talia
821 1076 946 1131 natuque,

109 1129 188 1179 Nunc
202 1138 297 1198 repeto,
311 1133 369 1182 Ano
390 1131 442 1181 ises
455 1130 567 1181 latorum
580 1146 678 1180 arcana
686 1129 809 1197 reliquit:

109 1197 176 1249 Cum
190 1205 224 1264 te,
238 1207 307 1265 nate,
321 1199 407 1250 fames
420 1200 506 1266 ignota
518 1199 552 1249 ad
565 1199 640 1249 litora
652 1207 761 1250 vectum

108 1266 212 1318 Aocisis
225 1277 300 1334 coget
313 1267 427 1335 dapibus
439 1283 596 1319 consumere
609 1283 723 1334 mensas,
907 1269 956 1319 125

108 1336 178 1387 Tum
192 1350 298 1402 sperare
310 1334 404 1387 domos
415 1335 537 1387 defessus
551 1336 639 1402 ibique
651 1345 787 1387 memento

108 1403 197 1455 Prima
209 1404 295 1455 locare
308 1421 389 1456 manu
402 1404 540 1472 molirique
552 1420 649 1471 aggere
662 1411 741 1455 tecta.

107 1473 181 1525 Haec
194 1482 250 1525 erat
263 1473 309 1525 illa
320 1473 407 1525 sames
414 1489 422 1541 3
441 1473 509 1526 haec
521 1489 568 1526 nos
580 1489 705 1542 suprema
715 1471 850 1543 manebat,

108 1542 203 1595 Exitiis
215 1544 331 1611 positura
343 1544 462 1595 modurn.

107 1610 195 1668 Quare
207 1613 277 1680 agite
291 1621 317 1664 et
330 1612 413 1682 primo
426 1611 489 1664 laeti
502 1629 563 1665 cum
579 1611 681 1664 lumine
694 1610 765 1681 solis,
908 1615 955 1664 130
993 1667 997 1674 ,

107 1679 182 1737 Quae
195 1681 260 1750 loca,
274 1681 354 1751 quive
367 1682 482 1735 habeant
495 1681 625 1751 homines,
639 1680 685 1734 ubi
697 1680 803 1734 moenia
814 1680 909 1750 gentis,

107 1748 284 1819 vestigemus,
299 1759 325 1803 et
338 1768 354 1802 a
368 1761 443 1820 portu
455 1751 560 1803 diversa
572 1759 704 1819 petamus.

107 1818 133 1870 N
136 1835 186 1870 unc
198 1827 304 1887 pateras
315 1820 397 1872 libate
409 1822 476 1888 lovi,
490 1820 667 1899 precibusque
680 1827 774 1871 vocate

107 1887 244 1940 Anchisen
257 1889 413 1957 genitorem,
427 1897 454 1940 et
466 1891 527 1939 vina
540 1900 657 1956 reponite
669 1888 789 1941 mensis!

108 1954 151 2007 Sic
163 1955 261 2008 deinde
274 1957 372 2009 effatus
384 1957 515 2009 frondenti
528 1967 646 2025 tempora
659 1973 731 2008 ramo
908 1960 955 2009 135

109 2023 149 2076 lm
169 2025 240 2094 licat,
253 2035 279 2077 et
292 2026 462 2093 Geniumque
474 2024 523 2077 loci
556 2026 703 2094 rimamque
716 2025 827 2077 deorum

110 2041 244 2146 Tellurem
259 2093 453 2164 Nymphasque
466 2103 491 2145 et
504 2042 592 2146 adhuc
606 2094 694 2160 ignota
706 2102 828 2162 precatur

109 2162 231 2214 Flumina
239 2179 246 2232 3
265 2172 322 2215 tum
334 2164 448 2216 Noctem
460 2164 605 2232 Noctisque
617 2163 727 2214 orientia
739 2162 818 2229 Signa

108 2231 273 2301 Idaeumque
285 2233 379 2285 Jovem
394 2232 588 2302 Phrygiamque
602 2249 634 2283 ex
647 2232 738 2283 ordine
750 2231 868 2284 Matrem

109 2301 224 2367 Invocat,
238 2311 264 2354 et
277 2301 392 2370 duplicis
404 2302 536 2370 Coeloque
549 2302 689 2369 Ereboque
702 2309 833 2370 parentes.
908 2305 955 2354 140

109 2370 158 2420 Hic
170 2381 245 2438 pater
256 2373 423 2440 omnipotens
435 2380 474 2424 ter
486 2371 560 2423 coelo
573 2371 660 2423 clarus
671 2370 705 2422 ab
717 2370 770 2422 alto

108 2439 230 2502 Intonuit,
245 2441 377 2510 radiisque
390 2439 529 2492 ardentem
542 2441 608 2493 lucis
620 2448 646 2491 et
658 2456 722 2491 auro

108 2509 168 2576 lpse
181 2526 261 2562 mann
274 2511 398 2580 quatiens
411 2509 526 2562 ostendit
537 2509 572 2562 ab
584 2509 693 2561 aethere
706 2508 816 2562 nubem.

109 2577 212 2630 Diditur
224 2578 267 2631 hic
279 2579 364 2632 subito
376 2577 489 2649 Trojano
501 2596 548 2649 per
559 2579 666 2646 agmina
678 2594 773 2648 rurnor,

108 2646 258 2700 Advenisse
269 2648 350 2716 diem,
364 2665 416 2717 quo
428 2648 519 2702 debita
530 2648 636 2700 moenia
647 2647 770 2699 condant.
907 2647 955 2697 145

48 2758 133 2811 nolum,
153 2770 176 2803 v.
198 2757 461 2811 199).-114.Mata.
494 2757 541 2804 See
563 2766 587 2803 at
608 2756 640 2804 iii.
660 2758 809 2804 ata-117.
825 2754 955 2822 Alluderrs,

39 2815 119 2864 either
133 2815 255 2876 ‘'asting‚'
273 2831 300 2863 or
318 2815 466 2875 ‘referring’
484 2815 593 2875 alluding
610 2825 636 2861 to
654 2814 696 2860 the
715 2813 820 2872 prophec
848 2820 890 2868 (nr.
901 2815 956 2867 257)

40 2874 102 2941 thus¹
108 2830 313 2921 athies-123.
329 2874 453 2942 Aponius.
485 2873 571 2921 Either
582 2874 719 2928 Aeneasor
730 2871 808 2932 Virgil
821 2827 868 2920 hes
883 2870 955 2920 mede

39 2949 55 2982 ι
69 2931 175 2980 mrstake
191 2932 256 2980 here.
289 2932 336 2980 See
352 2948 384 2981 ιιι,
396 2936 450 2988 257,
463 2935 611 2980 set-128.
628 2930 695 2979 Haeo
721 2947 792 2986 ames,
806 2930 846 2978 the
862 2930 956 2991 hunger·

39 3008 92 3041 noro
103 2990 210 3051 impellin
237 3007 266 3040 ns
278 3002 303 3039 to
313 3001 352 3039 eat
364 2991 405 3039 the
417 2991 500 3047 coires,
513 2996 572 3047 erat,
585 3006 645 3047 was,
656 3002 680 3038 at
692 3000 732 3058 K?
744 2989 803 3037 time
815 2989 842 3036 ol
849 2990 889 3037 the
901 3003 955 3049 pro·

39 3051 128 3112 phecy,
141 3052 193 3119 illo,
207 3007 248 3099 tho
260 3050 362 3119 ¹hunger
380 3054 434 3118 tlon
450 3049 562 3118 loretold.
595 3049 641 3097 See
661 3059 686 3120 at
703 3065 736 3096 nr.
748 3051 892 3096 oea-132.
909 3047 954 3096 Dr·

39 3126 118 3182 eergo,
140 3109 224 3217 1811ηὲ
242 3109 353 3158 different
372 3109 603 3177 directions-136.
623 3108 731 3176 Genium.
764 3109 811 3155 See
833 3117 857 3175 at
873 3122 896 3155 v.
917 3111 955 3155 95.

39 3168 534 3297 {abulabatullust
550 3167 577 3286 ῗῙ.
589 3165 956 3295 tl¹t¹¹llt⁸stf⁰⁸ttllltlt

39 3284 131 3339 hddun
148 3286 216 3336 there
235 3289 268 3348 by
279 3287 317 3335 hrs
333 3287 428 3335 mother
443 3286 504 3335 from
524 3285 565 3333 the
584 3285 717 3354 devonnng
735 3299 799 3344 Jews
818 3282 845 3350 ql
858 3282 955 3331 Saturn.

39 3342 283 3411 maronem,
298 3346 399 3406 Cybele.
432 3346 479 3394 See
490 3361 513 3406 p.
527 3348 579 3402 179,
590 3344 638 3392 lme
649 3348 685 3392 34.
694 3345 781 3390 -140,
800 3341 845 3389 His
861 3340 957 3390 mother

39 3400 128 3455 Vm
136 3418 189 3457 was
199 3405 224 3455 iu
233 3404 336 3462 heaven,
347 3405 385 3455 his
396 3404 475 3455 lether
484 3404 608 3454 Anchises
619 3417 707 3463 among
716 3401 757 3450 the
768 3399 857 3450 shades
867 3398 955 3450 below.
