2078 3622
461 159 553 198 nisan
574 160 604 198 ιι.
952 146 988 201 st

140 281 246 352 Quique
258 282 384 352 frequens
396 284 487 339 herbis
499 294 526 338 et
538 285 633 339 fertilis
643 285 727 340 ubere
739 303 851 356 campus
858 303 867 357 3
940 293 990 344 180

139 352 254 411 Qualem
266 370 347 423 saepe
359 371 427 417 cava
438 357 536 408 montis
548 355 668 408 convalle
681 357 799 409 solemus

139 423 374 491 Desprcere-huc
386 426 501 478 summis
513 424 651 493 liquuntur
661 426 770 495 rupibus
781 443 883 497 amnes,

88 526 97 540 .
139 489 313 560 Felicemque
327 493 433 547 trahunt
446 494 677 564 limum-quique
690 496 778 548 editus
789 499 894 566 Austro,

141 561 174 614 Et
194 561 296 614 filicem
308 563 398 615 curvis
409 563 523 616 invisam
536 565 621 632 pascit
632 566 743 634 aratris3

140 630 188 683 Hic
200 629 248 684 tibi
260 631 430 700 praevalidas
439 633 503 685 olim
515 633 653 701 multoque
664 634 774 688 fluentis
939 641 988 691 190

140 699 259 753 Sufficiet
271 700 377 765 Baccho
390 703 467 755 vitis:
486 702 530 755 hic
541 702 635 755 fertilis
647 720 723 773 uvae,

139 770 189 823 Hic
201 771 296 840 laticis,
309 770 418 840 qualem
430 773 528 841 pateris
539 771 656 825 libamus
668 782 695 826 et
706 790 778 844 auro,

140 839 244 893 lnflavit
256 857 320 893 cum
335 841 442 910 pinguis
454 842 520 895 ebur
532 841 687 911 Tyrrhenus
698 843 733 895 ad
744 860 812 914 aras,

139 908 273 962 Lancibus
284 919 310 963 et
322 911 419 979 pendis
431 911 563 964 sumentia
575 911 712 965 reddimus
725 922 796 966 exta.

139 976 183 1030 Sin
195 988 316 1032 armenta
328 981 415 1048 magis
428 981 545 1034 studium
559 982 709 1050 vitulosque
721 983 797 1053 tueri,
935 988 985 1037 195

138 1048 193 1100 Aut
206 1047 277 1100 fetus
288 1049 388 1118 ovium,
401 1058 447 1103 aut
459 1051 560 1104 urentis
572 1051 644 1104 culta
656 1051 774 1120 capellas
779 1069 787 1121 3

140 1115 225 1168 Saltus
237 1125 264 1168 et
277 1119 359 1170 saturi
372 1120 454 1187 petito
466 1120 608 1190 longinqua
619 1121 735 1190 Tarenti,

140 1186 174 1238 Et
186 1186 294 1255 qualem
308 1187 399 1240 infelix
411 1189 502 1241 amisit
514 1191 628 1242 Mantua
641 1207 776 1260 campum,

139 1255 297 1308 Pascentem
310 1257 402 1309 niveos
413 1257 526 1311 herboso
537 1259 648 1311 flumine
661 1276 776 1327 cygnos:

140 1324 199 1378 Non
211 1325 305 1394 liquidi
317 1326 444 1395 gregibus
455 1328 549 1397 fontes,
563 1344 614 1381 non
627 1329 748 1395 gramina
760 1328 888 1398 deerunt3
936 1334 986 1382 200

140 1395 181 1463 Et,
195 1403 326 1463 quantum
338 1396 424 1464 longis
434 1407 543 1465 carpent
555 1405 677 1449 armenta
689 1397 793 1468 diebus,

140 1463 245 1532 Exigua
257 1473 361 1518 tantum
373 1466 478 1533 gelidus
490 1483 532 1518 ros
544 1475 622 1519 nocte
635 1475 751 1535 reponet.

138 1532 220 1600 Nigra
232 1534 288 1587 lere
301 1543 328 1586 et
340 1551 430 1604 presso
441 1536 548 1604 pinguis
560 1537 609 1589 sub
622 1553 729 1589 vomere
742 1544 818 1605 terra,

140 1603 174 1655 Et
186 1604 230 1666 cui
242 1612 319 1672 putre
333 1604 516 1657 solum-nam
536 1623 570 1658 ue
583 1605 634 1659 hoc
646 1606 782 1659 imitamur
793 1606 928 1660 arando-

139 1673 161 1725 Ο
180 1673 245 1725 tima
257 1673 412 1742 frumentis3
430 1691 482 1727 non
495 1624 549 1727 ullo
561 1692 596 1728 cx
607 1692 723 1745 aequore
735 1693 830 1729 cernes
936 1680 986 1729 205

139 1690 218 1794 Plhra
230 1742 342 1795 domum
355 1743 436 1795 tardis
447 1743 579 1797 decedere
592 1745 709 1814 plaustra
719 1744 841 1816 juvencis
848 1762 856 1815 3

138 1812 194 1863 Aut
207 1810 278 1864 unde
291 1812 373 1864 iratus
388 1812 483 1865 silvam
495 1813 604 1866 devexit
615 1824 707 1884 arator,

139 1880 173 1933 Et
185 1896 295 1932 nemora
307 1882 402 1933 evertit
413 1882 512 1935 multos
524 1882 620 1950 ignava
632 1901 679 1952 per
690 1901 782 1953 annos,

139 1949 325 2018 Antiquusque
338 1951 432 2003 domos
442 1952 535 2004 avium
547 1969 611 2004 cum
624 1953 750 2021 stirpibus
761 1954 825 2008 imis

139 2017 229 2070 Emit:
249 2019 309 2071 illae
321 2020 405 2073 altum
419 2021 487 2073 nidis
499 2021 599 2089 petiere
612 2022 712 2075 relictis
718 2038 727 2089 3
936 2029 987 2079 210

139 2089 175 2139 At
188 2087 261 2139 rudis
273 2089 367 2141 enituit
380 2089 496 2158 impulso
509 2107 616 2143 vomere
628 2107 749 2159 campus.

138 2157 211 2209 Nam
221 2156 313 2227 jejuna
324 2157 436 2227 quidem
448 2159 540 2212 clivosi
552 2158 643 2228 glarea
656 2161 723 2212 ruris

139 2225 192 2278 vix
202 2225 313 2279 humilis
324 2244 341 2278 a
360 2227 421 2281 ibus
433 2229 519 2282 casias
531 2245 671 2298 roremque
683 2228 815 2283 ministrat
825 2248 833 2302 3

139 2295 174 2348 Et
187 2295 282 2365 tophus
294 2245 389 2350 scaber
401 2306 428 2349 et
440 2298 522 2366 nigris
534 2315 615 2351 exesa
627 2297 763 2368 chelydris

139 2365 218 2417 Creta
231 2375 336 2436 negant,
351 2366 417 2419 alios
428 2384 515 2437 aeque
528 2367 696 2437 serpentibus
709 2385 786 2437 egros
936 2375 988 2424 215

138 2433 254 2487 Dulcem
267 2434 336 2488 ferre
348 2435 439 2489 cibum
452 2445 479 2489 et
490 2454 588 2490 curvas
598 2436 727 2506 praebere
739 2437 866 2492 latebras.

139 2501 214 2561 Quae
228 2513 335 2557 tenuem
349 2506 456 2559 exhalat
469 2506 595 2560 nebulam
607 2506 749 2576 fumosque
761 2507 883 2578 volucris,

139 2573 175 2625 Et
187 2572 254 2627 bibit
265 2573 407 2628 humorem
419 2583 453 2646 et,
468 2593 530 2628 cum
543 2574 607 2646 vult,
620 2593 654 2628 ex
665 2593 696 2628 se
707 2577 765 2646 ipsa
777 2577 887 2631 remittit
894 2593 903 2646 3

139 2641 269 2711 Quaeque
282 2660 330 2696 suc
343 2661 450 2713 semper
461 2646 551 2698 viridis
563 2662 593 2697 se
604 2645 726 2713 gramine
739 2646 825 2717 vestit,

139 2711 198 2764 Nec
211 2712 301 2765 scabie
313 2721 341 2765 et
353 2714 423 2766 salsa
434 2714 517 2766 laedit
528 2714 647 2781 robigine
660 2714 776 2767 ferrum:
938 2720 989 2768 220

139 2780 188 2833 Illa
201 2781 247 2834 tibi
259 2781 338 2834 laetis
350 2783 452 2836 intexet
464 2783 563 2836 vitibus
575 2783 662 2835 ulmos
669 2799 677 2851 3

139 2850 189 2902 Illa
200 2851 276 2904 ferax
286 2851 345 2904 oleo
358 2861 399 2904 est
406 2869 414 2920 3
433 2853 508 2906 illam
519 2851 656 2920 experiere
668 2850 780 2903 colendo

139 2920 174 2972 Et
186 2919 294 2973 facilem
306 2922 396 2989 pecori
410 2930 437 2974 et
449 2922 597 2992 patientem
608 2919 725 2972 vomeris
736 2921 806 2974 unci.

139 2988 235 3042 Talem
247 2989 324 3042 dives
336 2999 392 3043 arat
405 2992 504 3060 Capua,
518 2998 545 3042 et
558 2989 646 3042 vicina
658 2989 764 3042 Vesevo

138 3058 190 3110 Ora
203 3058 275 3128 jugo,
288 3067 315 3111 et
328 3060 421 3113 vacuis
432 3060 541 3113 Clanius
552 3076 604 3112 non
616 3075 721 3128 aequus
732 3059 846 3114 Acerris.
938 3064 989 3112 225

173 3127 260 3197 Nunc,
274 3145 473 3198 quoquumque
485 3128 566 3182 modo
577 3129 662 3198 possis
674 3144 842 3199 cognoscere,
855 3129 954 3182 dicam.

100 3276 214 3322 les-202.
232 3272 346 3321 Another
356 3271 393 3319 sor
403 3274 682 3330 pastores-aoe-aas.
700 3269 836 3319 Difference
852 3245 991 3321 betweene

68 3331 212 3392 productiva
224 3331 271 3380 and
281 3347 313 3379 sn
323 3330 499 3380 uonroductive
510 3331 564 3380 soil.
571 3359 601 3370 -
608 3333 722 3378 226-258.
740 3329 818 3379 Rules
829 3345 869 3379 are
880 3330 955 3392 given
964 3340 990 3381 tc

69 3389 219 3452 distinguish
230 3389 297 3438 soils.
