2086 3622
441 84 536 126 siren
555 86 610 126 xrr.
758 120 761 127 r
919 71 978 129 407

124 211 185 267 Nec
196 210 274 282 plura
285 212 390 282 effatus,
404 229 500 268 saxum
512 213 694 284 circumspicit
705 215 809 286 ingens,

125 282 227 336 8611001
237 283 385 353 antiquum,
398 282 500 354 ingens,
513 300 609 353 campo
620 284 692 352 quod
703 283 772 339 forts
782 283 899 357 jacebat,

124 351 217 405 Limes
264 369 291 405 ro
303 352 411 423 positus,
424 353 500 405 litem
513 360 542 406 ut
553 352 717 409 discerneret
728 354 800 408 arvis
804 371 813 426 5

89 486 92 491 Ι
124 421 177 474 Vix
188 369 330 476 1110111660
341 422 383 476 bis
394 438 443 475 sex
454 422 560 476 cervice
572 422 698 493 subirent,

124 489 221 549 Qualia
231 507 305 545 nunc
317 492 457 545 hominurn
488 492 590 545 roducit
602 509 712 562 corpora
724 491 805 546 tellus
812 509 820 562 5
926 495 977 545 900

123 559 172 614 1116
184 577 268 614 manu
280 569 387 631 raptum
399 509 502 629 1166116
514 562 654 630 torquebat
665 562 693 616 in
704 563 818 634 hostem,
862 558 865 563 ’

123 628 209 682 Altior
219 630 361 699 insurgens
372 639 400 683 ct
412 646 492 683 cursu
504 631 627 685 concitus
638 631 724 687 heros.

124 698 176 752 Sed
189 716 277 769 neque
290 710 443 753 currentem
453 716 484 752 se
496 716 547 753 nec
559 702 694 770 cognoscit
706 709 825 772 euntem,

52 826 62 837 ,
124 767 310 822 Tollentemve
323 786 405 822 manu
418 785 569 838 saxumque
581 771 701 826 immane
712 780 884 842 moventem3

123 838 220 891 Genua
230 837 330 908 laba'nt,
342 838 450 907 gelidus
462 841 596 893 concrevit
608 840 705 910 frigore
717 843 834 912 sanguis.
926 846 976 896 900

123 907 195 961 Το16
206 907 276 978 lapis
288 908 346 978 ipse
358 908 415 978 viri,
428 925 546 962 vacuum
558 926 606 980 per
618 911 697 965 inane
709 912 824 982 volutus,
929 969 933 975 ,

122 977 183 1031 Nec
194 994 208 1030 s
244 978 311 1031 tium
323 977 410 1031 evasit
422 985 515 1048 totum,
528 995 616 1049 neque
628 981 736 1050 pertulit
748 981 842 1037 ictum.

121 1047 164 1100 Ac
176 1063 209 1100 ve
221 1055 249 1100 ut
260 1047 288 1101 in
300 1049 409 1115 somnis,
422 1047 513 1101 oculos
525 1049 572 1102 ubi
583 1050 712 1118 languida
722 1051 819 1121 pressit

121 1116 209 1171 Nocte
221 1116 306 1187 quies,
319 1116 503 1187 nequidquam
515 1118 608 1171 avidos
619 1119 766 1173 extendere
778 1136 873 1175 cursus

121 1184 200 1240 Velle
212 1186 343 1257 videmur,
357 1196 385 1240 et
397 1187 424 1239 in
435 1186 533 1240 mediis
544 1188 683 1242 conatibus
694 1189 769 1256 aegri

121 1254 291 1310 Succidimus
298 1272 306 1325 5
324 1273 377 1310 666
389 1256 480 1324 lingua
492 1256 572 1324 valet,
585 1273 637 1311 non
649 1274 757 1327 corpore
768 1267 847 1312 notae

121 1322 262 1379 Sufficiunt
273 1326 352 1395 vires,
365 1342 417 1378 nec
428 1341 481 1378 vox
491 1335 538 1379 aut
549 1326 632 1380 verba
644 1335 805 1396 sequuntur:

121 1392 165 1447 Sic
176 1395 273 1465 Turno,
287 1410 458 1465 quacumque
469 1394 542 1449 riam
553 1396 650 1449 virtute
662 1397 764 1467 petivit,

121 1463 283 1519 Successum
295 1463 348 1518 dea
360 1465 417 1517 dira
429 1473 518 1532 negat.
555 1465 626 1518 Tum
637 1474 745 1536 pectore
757 1482 852 1522 sensus

121 1530 267 1588 vertuntur
278 1534 361 1604 061115
379 1532 491 1588 Rutulos
502 1534 642 1604 adspectat
655 1545 682 1588 et
693 1534 798 1605 urbem,

121 1602 320 1673 Cunctaturque
332 1611 417 1674 metu,
431 1603 570 1673 telumque
582 1603 681 1658 instare
694 1606 822 1661 tremiscit
829 1622 838 1676 5

120 1672 187 1744 Nec,
201 1690 254 1743 quo
266 1691 296 1726 se
308 1673 410 1743 eripiat,
424 1689 482 1743 nec,
496 1690 550 1743 qua
562 1674 589 1728 vi
603 1675 694 1729 tendat
706 1675 734 1729 in
745 1674 859 1748 hostem,

120 1741 181 1796 Nec
192 1760 284 1797 curms
295 1760 313 1796 0
347 1759 411 1797 uam
423 1743 496 1796 videt
508 1744 682 1815 aurigamque
694 1761 820 1800 sororem.

155 1812 297 1866 Cunctanti
310 1822 336 1865 te
348 1829 395 1866 um
407 1815 516 1866 Aeneas
527 1813 610 1866 fatale
623 1822 751 1885 coruscat,

120 1879 232 1936 Sortitus
243 1883 376 1936 fortunam
388 1881 479 1950 oculis,
493 1890 520 1933 et
531 1899 640 1951 corpore
652 1893 705 1936 toto

121 1951 234 2005 Eminus
245 1952 386 2019 intorquet.
422 1950 521 2004 Murali
533 1953 638 2005 concita
649 1968 798 2021 numquam

120 2020 264 2075 Tormento
277 2022 316 2074 sic
328 2038 393 2074 saxa
405 2020 530 2090 fremunt,
543 2037 595 2074 nec
606 2021 718 2075 fulmine
732 2022 798 2075 tanti

118 2089 267 2145 Dissultant
279 2092 404 2160 crepitus.
440 2090 520 2144 Volat
531 2091 581 2143 atri
593 2091 703 2145 turbinis
715 2091 798 2144 instar

120 2158 241 2213 Exitium
252 2161 340 2214 dirum
352 2159 430 2214 hasta
442 2159 537 2229 serens,
551 2177 663 2230 orasque
675 2160 789 2214 recludit

120 2228 230 2282 Loricae
242 2238 270 2283 et
281 2230 361 2299 clipei
374 2238 509 2283 extremos
521 2247 550 2283 se
570 2231 706 2300 templicis
717 2229 796 2284 orbis.

119 2298 171 2351 Per
182 2298 304 2353 medium
315 2300 430 2353 stridens
442 2299 535 2356 transit
546 2247 642 2353 1116101.
679 2299 774 2354 Incidit
786 2301 856 2355 ictus

121 2368 219 2436 lugens
230 2370 265 2423 ad
278 2378 376 2422 terram
388 2369 523 2437 duplicato
534 2369 634 2438 poplite
647 2370 761 2423 Turnus.

119 2438 286 2506 Consurgunt
297 2440 399 2507 gemitu
411 2437 509 2508 Rutuli,
521 2446 646 2509 totusque
658 2440 775 2510 remugit

119 2507 200 2560 Mons
211 2509 320 2578 circum,
334 2517 362 2562 et
373 2525 469 2562 vocem
481 2508 536 2562 late
548 2525 658 2563 nemora
668 2508 724 2562 alta
735 2509 882 2564 remittunt.

118 2577 168 2629 Ille
176 2577 286 2631 humilis
293 2578 461 2648 supplexque
468 2577 559 2632 oculos
568 2579 744 2650 dextramque
751 2587 908 2650 precantem
920 2582 970 2631 930

119 2646 291 2717 Protendens,
306 2647 456 2717 ‘Equidem
468 2649 561 2717 merui,
575 2664 627 2701 nec
638 2648 784 2718 deprecor,’
798 2648 884 2718 inquit
891 2664 900 2717 5

121 2716 219 2770 ‘Utere
231 2726 302 2770 sorte
313 2726 369 2771 tua.
404 2716 499 2770 Miseri
512 2726 539 2768 te
550 2716 573 2768 si
584 2733 638 2786 qua
649 2717 768 2785 parentis

119 2785 242 2854 Tangere
255 2803 320 2840 cura
331 2795 426 2856 potest,
439 2785 569 2838 oro—fuit
581 2793 608 2838 et
620 2784 669 2838 tibi
683 2783 745 2838 talis

119 2855 253 2909 Anchises
264 2856 489 2924 genitor-Dauni
501 2855 630 2909 miserere
642 2861 777 2925 senectae,

120 2926 155 2978 Et
167 2942 220 2996 me,
233 2942 282 2978 seu
294 2943 391 2994 corpus
401 2925 544 2994 spoliatum
556 2923 660 2978 lumine
672 2924 768 2995 maris,
919 2928 970 2977 995

119 2994 213 3048 Redde
226 2995 303 3048 meis.
339 2995 441 3063 Vicisti,
455 3003 482 3047 et
494 2994 596 3047 victum
608 2991 719 3047 tendere
730 2993 836 3066 palmas

119 3065 231 3118 Ausonii
244 3065 350 3133 videre,
370 3073 415 3118 tua
427 3073 469 3117 est
480 3063 591 3116 Lavinia
603 3062 718 3134 conjunx
725 3080 733 3133 5

79 3215 132 3260 905.
152 3212 246 3270 Genua,
264 3222 314 3261 two
332 3213 464 3274 syllables:
481 3227 619 3273 pronouncc
637 3214 829 3275 genum-923.
847 3211 968 3277 crepitus,

49 3269 92 3320 the
100 3270 177 3340 ,moise
192 3272 221 3320 os
232 3272 346 3341 cruehing
361 3272 474 3328 thunder,
492 3281 535 3342 put
548 3272 584 3323 sor
599 3272 642 3322 the
657 3271 770 3335 crsshing
786 3270 870 3325 6160111
885 3271 971 3324 whose

48 3329 219 3444 ⁰⁰¹¹¹⁵¹⁰¹¹33¹¹3
230 3342 367 3391 separation
378 3332 483 3391 produce
494 3342 520 3381 11.
