2086 3622
445 176 539 217 arsere
558 177 588 215 x.
917 165 976 220 388

126 304 225 374 Victor,
238 320 289 357 nec
301 304 408 374 longum
421 304 558 358 laetabere
565 322 573 375 3
590 313 618 358 te
629 322 735 375 quoque
747 306 804 359 fata
924 311 975 362 740

126 373 297 442 Prospectant
326 375 388 443 aria,
401 383 482 442 atque
495 374 591 428 eadem
603 392 667 428 mox
677 392 741 427 arva
753 375 875 429 tenebis.²

126 443 168 494 Ad
182 460 262 510 quern
277 392 418 496 suhridens
430 444 513 496 mixta
525 444 680 498 Mezentius
692 445 745 496 ira:

128 513 221 564 ‘Nunc
233 529 345 564 morere.
381 516 431 565 Ast
443 514 476 564 de
489 529 534 564 me
547 512 635 566 divom
648 523 723 584 pater
735 523 816 583 atque
834 513 973 568 homiuum

194 597 241 633 rex

124 649 246 702 Viderit)
282 650 340 702 Hoc
352 650 444 702 dicens
456 649 548 703 eduxit
560 668 667 720 corpore
679 651 774 707 telum.

125 719 175 770 Olli
187 720 253 771 dura
264 721 341 787 quies
353 719 444 772 oculos
456 730 483 771 et
496 719 598 772 ferreus
611 734 705 788 urguet
921 726 971 775 745

125 789 252 841 Somnus:
272 789 299 840 in
310 797 447 840 aeternam
460 788 619 841 clauduntur
631 790 732 843 lumina
744 799 861 844 noctem.

159 857 291 909 Caedicus
303 856 463 911 Alcathoum
476 858 623 927 obtruncat,
636 858 756 911 Sacrator
768 859 924 929 Hydaspen,

124 926 350 995 Partheniumque
362 927 436 995 Rapo
448 936 475 979 et
487 928 650 996 praedurum
662 928 763 981 viribus
774 929 865 1002 Orsen,

124 995 267 1064 Messapus
279 996 453 1064 Cloniumque
466 997 685 1066 Lycaoniumque
697 998 836 1068 Erioaen,

123 1064 203 1117 Illum
216 1065 325 1118 infrenis
337 1068 399 1134 equi
412 1066 488 1135 lapsu
500 1066 594 1119 tellure
605 1065 749 1136 jacentem,
920 1073 970 1121 750

123 1135 201 1186 Hunc
212 1135 332 1202 peditem
345 1136 436 1204 pedes.
474 1136 508 1188 Et
521 1136 619 1204 Lycius
631 1142 795 1205 processerat
808 1135 888 1205 Agis,

123 1203 211 1260 Quem
224 1212 313 1256 tamen
327 1203 399 1259 haud
411 1221 507 1272 expers
519 1205 632 1256 Valerus
644 1204 746 1256 virtutis
758 1204 846 1256 avitae

122 1272 219 1342 Dejicit
227 1290 234 1341 3
253 1280 280 1325 at
292 1272 437 1325 Thronium
450 1273 543 1341 Salius,
557 1273 710 1341 Saliumque
722 1273 846 1343 Nealces,

123 1342 236 1408 Insignis
246 1341 335 1410 jaculo
347 1350 374 1394 et
387 1341 463 1409 longe
476 1341 585 1394 fallente
598 1343 703 1409 sagitta.

157 1411 218 1464 lam
230 1411 318 1479 gravis
329 1410 463 1480 aequabat
476 1411 564 1464 luctus
576 1420 602 1464 et
614 1420 709 1464 mutua
720 1411 830 1464 Mavors
918 1418 969 1466 755

123 1479 227 1531 Funera
233 1497 240 1548 3
259 1479 408 1533 caedebant
420 1480 518 1550 pariter
529 1480 680 1550 pariterque
693 1480 805 1534 ruebant

122 1549 242 1601 Victores
253 1550 386 1618 victique,
405 1567 492 1618 neque
504 1549 547 1602 his
559 1549 705 1619 fuga‘nota,
718 1565 808 1620 neque
819 1550 882 1604 ile.

123 1619 155 1670 Di
167 1619 240 1671 Jovis
252 1619 279 1672 in
292 1621 370 1672 tectis
382 1619 447 1672 iram
460 1620 619 1676 miserantur
631 1620 740 1672 inanem
912 1630 916 1642 ·

123 1688 280 1757 Amborum,
294 1698 321 1741 et
334 1698 420 1741 tantos
432 1688 587 1742 mortalibus
599 1705 659 1741 esse
671 1688 776 1741 labores
783 1704 791 1757 ;

123 1757 191 1809 Hinc
203 1758 302 1826 Venus,
316 1757 378 1811 hinc
390 1767 480 1810 contra
493 1766 595 1826 spectat
608 1758 729 1811 Saturnia
740 1758 818 1811 June.
917 1760 969 1812 760

123 1826 223 1878 Pallida
236 1826 379 1895 Tisiphone
392 1827 482 1879 media
494 1828 561 1879 iuter
574 1827 657 1879 millia
669 1827 763 1879 saevit.

122 1897 157 1947 At
170 1911 232 1946 vero
244 1895 379 1962 ingentem
392 1896 516 1964 quatiens
528 1895 682 1948 Mezentius
693 1895 797 1949 hastam

122 1963 257 2016 Turbidus
268 1964 412 2032 ingreditur
424 1981 528 2043 campo.
565 1964 654 2022 Quam
666 1981 780 2031 magnus
792 1963 879 2035 Oriou,

122 2034 190 2085 Cum
202 2033 286 2101 pedes
297 2033 396 2086 incedit
409 2033 491 2086 rnedir
504 2050 551 2102 per
562 2033 681 2085 maxima
692 2033 774 2086 Nerei

122 2102 220 2170 Stagna
232 2103 304 2155 viam
317 2103 449 2171 scindens,
463 2103 574 2155 humero
587 2103 768 2171 supereminet
779 2101 873 2172 undas,
917 2105 969 2154 7⁶5

122 2175 184 2238 Aut,
199 2172 313 2224 summis
325 2171 443 2224 reserens
454 2188 583 2224 annosam
596 2171 731 2225 montibus
741 2188 844 2240 ornum,

122 2240 323 2310 ingrediturque
335 2240 390 2293 solo
403 2250 429 2293 et
442 2250 523 2310 caput
534 2243 603 2293 inter
614 2240 706 2294 nubila
717 2240 822 2294 condit:

122 2310 195 2362 Talis
207 2326 236 2361 se
248 2311 332 2363 vastis
342 2309 421 2364 infert
433 2310 587 2363 Mezentius
597 2311 688 2363 armis.

123 2379 191 2431 Huic
204 2387 294 2432 contra
305 2382 414 2434 Aeneas
435 2379 589 2449 speculatus
601 2380 625 2432 in
639 2377 748 2447 agmine
759 2376 846 2450 longo,

121 2448 223 2501 Obvius
234 2449 272 2501 ire
285 2458 368 2519 perat.
405 2419 501 2502 Manet
511 2449 705 2518 imperterritus
716 2447 770 2518 ille,
919 2450 971 2500 770

122 2518 233 2571 Hostem
245 2519 446 2588 magnanimum
459 2519 608 2588 opperiens,
621 2526 648 2571 et
660 2517 731 2572 mole
743 2534 793 2571 sua
804 2523 872 2586 stat,

124 2589 212 2654 Atque
224 2587 308 2640 oculis
320 2589 435 2658 spatium
449 2604 584 2656 emensus,
596 2595 728 2656 quantum
740 2587 806 2640 satis
818 2586 927 2639 hastaet

124 2656 245 2723 ‘Dextra
259 2656 326 2709 mihi
338 2658 414 2728 (leus,
428 2666 454 2709 et
466 2657 558 2725 telum,
572 2656 642 2725 quod
655 2655 758 2709 missile
771 2655 845 2724 libro,

122 2724 202 2776 Nunc
214 2725 317 2778 adsint!
338 2726 428 2778 Voveo
440 2724 582 2795 praedonis
592 2741 700 2793 corpore
712 2724 794 2793 raptis

122 2792 248 2845 Indutum
262 2793 352 2862 spoliis
364 2795 452 2863 ipsum
464 2802 500 2862 te,
512 2794 608 2862 Lause,
622 2801 760 2862 tropaeum
919 2795 971 2844 775

122 2862 252 2915 Aeneae!
289 2863 368 2931 Dixit,
382 2863 590 2930 stridentemque
603 2861 709 2914 eminus
720 2861 827 2915 hastam

122 2930 207 2999 decit,
225 2940 253 2983 at
265 2930 310 2983 illa
322 2931 414 2984 volans
425 2931 511 3000 clipeo
523 2940 564 2983 est
577 2947 697 3000 excussa,
711 2931 856 3001 proculque

123 3000 267 3069 Egregium
279 3003 397 3054 Antoren
410 3001 481 3053 latus
493 3001 561 3052 inter
572 3007 599 3052 et
611 2999 658 3052 ilia
668 2999 734 3070 figit,

82 3161 134 3207 745.
157 3157 214 3206 Olli.
247 3158 294 3206 See
305 3168 329 3206 at
341 3160 356 3206 i.
368 3161 517 3207 asa-754.
535 3158 653 3208 Pallante.
680 3159 728 3206 See
739 3168 764 3207 at
775 3158 807 3206 ix.
819 3161 932 3207 ara—7
951 3163 971 3205 1.

56 3215 190 3278 Tisiphone.
224 3217 270 3265 See
290 3228 314 3265 at
333 3220 365 3266 vi.
383 3221 535 3266 sss-763.
557 3218 641 3266 Orion.
674 3218 721 3266 See
742 3228 766 3266 at
784 3218 800 3264 i.
820 3221 933 3266 sau-7
965 3251 972 3266 .

54 3275 134 3326 Neres.
167 3276 214 3323 See
231 3277 296 3324 atii.
312 3280 461 3328 rra-767.
480 3277 527 3325 See
544 3287 567 3325 at
583 3277 615 3325 iv.
634 3279 782 3326 rra—773.
799 3276 899 3332 Dextro,
916 3278 972 3325 milis

53 3334 127 3385 Dm.
160 3335 208 3383 See
219 3345 243 3382 at
255 3335 295 3384 vii.
308 3340 399 3384 648.-
408 3342 461 3389 775.
479 3337 575 3386 Lausus
591 3337 645 3385 clad
656 3337 681 3384 in
692 3336 734 3385 the
746 3351 811 3383 arms
822 3335 850 3384 of
862 3336 971 3397 Aeneas,

53 3393 135 3443 would
146 3395 176 3443 be
187 3409 202 3444 a
213 3393 272 3443 lrind
283 3395 311 3444 os
318 3396 414 3458 trophy‚
428 3396 509 3446 which
521 3412 562 3445 see
574 3395 709 3452 described,
723 3395 755 3443 xi.
768 3397 791 3453 5,
805 3393 854 3444 &a
