2086 3622
300 184 303 189 ’
384 194 476 234 ursus
496 195 535 234 xi.
700 253 702 257 y
859 178 920 235 389

67 320 215 377 Annuerint
228 321 316 391 superi
329 320 484 391 pubemque
496 323 612 376 educere
624 321 725 392 eastris,
886 326 920 374 20

68 390 207 460 Impediat,
222 391 347 459 segnisve
360 399 434 444 metu
446 392 578 445 sententia
589 392 685 445 tardet.

68 461 174 514 Interea
187 461 273 513 socios
284 459 478 530 inhumataque
490 478 535 513 cor
571 478 598 513 ra
610 471 695 514 terrae

69 530 239 600 Mandemus,
253 530 299 599 qui
313 531 385 582 solus
397 530 480 582 honos
492 533 532 583 Ac
554 538 645 583 oronte
656 529 707 583 sub
720 530 774 582 imo
786 537 837 584 est.

69 599 126 667 Ite,'
139 600 185 668 ait,
201 600 339 668 ‘egregias
351 599 463 669 animas,
477 617 546 669 quae
559 601 687 668 sanguine
699 599 775 652 nobis

69 669 143 720 Hanc
156 671 268 738 patriani
282 684 410 738 peperere
423 685 479 731 suo,
493 668 617 721 decorate
630 670 764 739 supremis
886 672 919 720 25

70 739 245 805 Muneribus3
264 747 449 805 moestamque
463 738 580 790 Evandri
593 739 695 807 primus
706 739 741 792 ad
754 737 849 792 urbem

70 809 192 858 Minatur
204 807 301 874 Pallae,
315 823 397 875 quem
408 822 460 859 non
473 807 578 860 virtutis
589 816 717 875 egentem

69 876 187 929 Abstulit
199 884 256 927 atra
268 876 327 928 dies
338 884 365 928 et
378 875 471 929 funere
483 876 576 929 mersit
588 876 703 930 acerbo)

105 946 147 998 Sic
160 945 197 998 ait
210 945 373 998 illacrimans
385 946 532 1015 recipitque
544 945 579 998 ad
591 945 685 999 limina
695 963 826 1018 gressum,

70 1016 172 1084 Corpus
184 1015 230 1068 ubi
242 1015 360 1067 exanimi
373 1016 486 1084 positum
501 1015 628 1069 Pallantis
639 1019 757 1070 Acoetes
887 1018 920 1067 ³0

70 1085 197 1137 Servabat
209 1086 304 1152 senior,
317 1085 363 1153 qui
377 1085 515 1138 Parrhasio
527 1086 651 1138 Evandro

70 1154 195 1222 Armiger
206 1162 268 1206 ante
280 1153 339 1222 fuit,
353 1153 401 1206 sed
414 1170 464 1207 non
478 1154 602 1207 felicibus
613 1171 701 1223 aeque

70 1222 140 1275 Tum
153 1240 245 1275 comes
256 1223 384 1291 auspiciis
395 1240 455 1275 caro
468 1223 546 1276 datus
559 1223 613 1276 ibat
625 1223 744 1276 alumno.

71 1293 176 1346 Circum
189 1291 276 1344 omnis
288 1291 473 1360 famulumque
486 1309 583 1345 manus
594 1291 762 1362 Trojanaque
774 1292 852 1346 turbe

71 1364 105 1415 Et
117 1370 252 1413 moestum
264 1360 362 1413 Iliades
374 1362 475 1413 crinem
489 1361 523 1413 de
535 1378 610 1414 more
623 1362 733 1416 solutae.
886 1365 920 1414 ³5

69 1431 105 1484 Ut
120 1447 182 1482 vero
195 1433 303 1482 Aeneas
316 1430 415 1483 loribus
427 1447 487 1497 sese
500 1430 588 1483 intulit
600 1431 669 1501 altis,

71 1502 211 1568 lugentem
223 1500 353 1568 gemitum
366 1501 452 1552 tunsis
463 1499 496 1552 ad
510 1501 597 1553 sidera
610 1501 704 1554 tollunt

71 1569 234 1640 Pectoribus,
247 1583 349 1622 moesto
368 1586 403 1622 ue
416 1569 541 1640 immugit
554 1571 626 1640 regia
638 1571 720 1624 luctu.

70 1641 138 1708 lpse,
153 1647 233 1708 caput
245 1639 317 1692 nivei
329 1587 428 1693 fuitum
441 1639 568 1693 Pallantis
581 1648 608 1693 et
620 1657 666 1693 ora

69 1710 105 1762 Ut
117 1709 183 1761 vidit
196 1709 302 1778 levique
314 1721 409 1780 patens
421 1710 447 1762 in
459 1719 566 1780 pectore
578 1711 677 1763 vulnus
886 1713 920 1763 tu

70 1777 194 1848 Cuspidis
205 1780 347 1848 Ausoniae,
361 1778 479 1832 lacrimis
492 1781 529 1832 ita
542 1781 611 1833 latur
624 1779 737 1833 chortis:

72 1849 180 1915 ‘Tene,'
194 1849 285 1917 inquit,
301 1849 468 1901 ‘miserande
481 1866 553 1918 puer,
567 1867 630 1902 curn
642 1849 713 1901 laeta
724 1849 836 1919 veniret,

70 1917 168 1969 Invidit
180 1916 295 1969 Fortuna
306 1917 382 1984 mihi,
397 1935 429 1969 ne
443 1935 524 1986 regna
536 1917 642 1970 videres

69 1987 174 2054 Nostra,
187 2003 275 2052 neque
288 1986 322 2038 ad
336 1987 415 2039 sedes
427 1987 510 2039 victor
522 1987 650 2040 veherere
663 1987 807 2057 pateruae?
892 2052 895 2056 Ι

69 2057 127 2108 Νοη
142 2055 210 2108 haec
222 2055 345 2108 Evandro
358 2055 391 2108 de
405 2057 574 2124 repromissa
586 2057 689 2126 parenti
886 2059 920 2110 45

69 2125 216 2178 Discedens
228 2124 364 2194 dederam,
378 2143 440 2177 curn
454 2143 499 2178 me
512 2126 669 2195 complexus
681 2134 792 2180 euntem

69 2195 190 2248 Mitteret
203 2195 229 2246 in
242 2212 370 2262 magnum
383 2195 533 2264 imperium,
546 2204 726 2265 metuensque
738 2204 858 2249 moneret

69 2265 147 2317 Acris
159 2281 218 2317 esee
232 2265 308 2333 viros,
322 2281 385 2317 cum
397 2265 463 2317 dura
475 2264 575 2334 proelia
587 2275 676 2334 gente.

28 2362 33 2371 ι
70 2335 103 2387 Et
116 2350 188 2386 nunc
199 2333 245 2384 ille
275 2333 365 2386 uidem
379 2352 427 2404 spe
440 2335 555 2387 multum
567 2342 662 2404 captus
673 2334 746 2388 inani

70 2405 135 2456 Fors
147 2413 173 2455 et
185 2413 247 2455 vota
258 2351 330 2473 iacit,
345 2403 519 2474 cumulatque
531 2405 625 2457 altaria
636 2404 728 2473 donis;
886 2408 921 2457 50

69 2474 126 2527 Nos
135 2472 262 2543 juvenem
275 2476 430 2526 exanimum
442 2485 469 2526 ct
482 2473 519 2527 nil
529 2474 585 2545 jam
597 2473 759 2528 coelestibus
773 2472 834 2527 ullis

69 2543 222 2596 Debentem
234 2559 302 2595 vano
315 2543 410 2597 moesti
422 2544 581 2597 comitamur
593 2544 700 2597 honore.

70 2612 174 2675 lnlelix,
187 2613 240 2664 nati
254 2612 334 2664 sunus
346 2613 455 2666 crudele
468 2613 587 2668 ridebis!

69 2681 104 2733 Hi
117 2682 196 2733 nostri
209 2680 316 2749 reditus,
330 2684 519 2751 expectatique
532 2681 680 2751 triumphil

69 2750 144 2802 Haec
156 2767 217 2802 rnea
230 2767 328 2816 magna
340 2750 428 2803 fidesl
463 2754 570 2820 Arnon,
584 2749 717 2829 Euandre,
729 2747 863 2818 pudendis
887 2754 920 2803 56

70 2819 229 2872 Vulneribus
241 2819 348 2887 pulsum
361 2819 493 2889 aspicies,
512 2838 562 2872 nec
575 2818 674 2889 sospite
686 2818 776 2871 dirum

30 2963 66 3008 23.
79 2960 215 3008 Acheronte.
239 2959 284 3008 See
295 2959 500 3008 avices-26.
517 2960 606 3008 Urbem.
629 2960 676 3008 See
683 2959 733 3008 viii.
739 2962 859 3009 53.-·27.
871 2959 893 3008 F
894 2975 921 3008 or

22 3035 43 3067 re
54 3019 127 3067 death
138 3019 167 3067 os
175 3018 266 3073 Pallas,
276 3019 412 3067 Evander's
423 3035 475 3074 son,
489 3035 531 3067 see
543 3035 566 3067 x.
575 3022 629 3074 441,
640 3019 772 3068 &ce-81.
788 3017 921 3068 Parrhasia

22 3097 44 3126 -ο
59 3078 180 3127 unelided.
212 3079 259 3126 Sec
270 3078 322 3126 also
337 3088 360 3126 ut
372 3078 422 3125 viii.
435 3082 566 3126 uta-35.
579 3077 782 3133 Solatoecriacm,
796 3077 839 3126 the
849 3093 919 3126 occu·

22 3137 77 3184 trive
87 3137 114 3183 os
122 3138 258 3185 limitation,
284 3137 331 3184 See
341 3148 364 3184 at
374 3139 405 3186 iv.
413 3140 545 3185 eeu-40.
557 3137 624 3186 Lavi.
634 3140 705 3186 -41,
716 3138 846 3186 Ausoniae.
871 3136 921 3186 See

22 3200 86 3252 .180‚
99 3196 146 3243 line
158 3199 180 3244 5.
208 3196 263 3243 The
275 3197 377 3244 allusion
390 3197 409 3244 is
421 3207 446 3243 to
456 3195 563 3245 Turnus.
573 3219 605 3229 -
613 3201 649 3244 52.
662 3197 708 3245 Nil
718 3199 842 3254 debentem,
852 3195 920 3245 since

22 3254 39 3304 is
49 3268 149 3316 prayers
160 3270 224 3303 were
236 3255 351 3303 unlionrd.
384 3256 431 3304 See
442 3266 465 3304 at
476 3256 528 3305 Ecl.
537 3271 561 3304 v.
573 3259 692 3303 &tl—56.
709 3256 767 3312 Neo,
781 3255 831 3303 dac.
863 3253 920 3305 The

22 3313 80 3375 tfety
89 3313 117 3362 os
123 3330 138 3361 a
148 3329 193 3362 son
201 3314 340 3421 purchased
352 3318 384 3375 by
393 3315 535 3368 causidico,
546 3314 624 3376 might
633 3314 699 3362 drivc
711 3331 725 3362 a
735 3314 814 3363 lether
821 3323 848 3362 to
856 3312 921 3363 nich

22 3388 37 3423 u
47 3372 135 3431 deorh3
153 3388 189 3428 or,
211 3390 262 3422 rom
274 3374 316 3422 the
327 3385 495 3436 arrangement
506 3375 534 3423 os
542 3375 583 3424 the
592 3374 680 3432 words,
692 3383 717 3423 to
727 3373 807 3436 profer
816 3371 920 3442 thersitis

22 3447 46 3482 ru
57 3432 207 3545 werp3dqad;
225 3436 320 3495 sospite,
333 3437 429 3484 dinem!
465 3435 572 3498 Optabis,
586 3433 636 3483 duc.
